@book{bender1999advanced,
  title={Advanced Mathematical Methods for Scientists and Engineers I: Asymptotic Methods and Perturbation Theory},
  author={Bender, C.M. and Orszag, S.A.},
  year={1999},
  publisher={Springer}
}

@book{Maggiore:2018sht,
    author = "Maggiore, Michele",
    title = "{Gravitational Waves. Vol. 2: Astrophysics and Cosmology}",
    isbn = "978-0-19-857089-9",
    publisher = "Oxford University Press",
    month = "3",
    year = "2018"
}

@article{Berti:2006wq,
    author = "Berti, Emanuele and Cardoso, Vitor",
    title = "{Quasinormal ringing of Kerr black holes. I. The Excitation factors}",
    eprint = "gr-qc/0605118",
    archivePrefix = "arXiv",
    doi = "10.1103/PhysRevD.74.104020",
    journal = "Phys. Rev. D",
    volume = "74",
    pages = "104020",
    year = "2006"
}

@article{Glampedakis:2017dvb,
    author = "Glampedakis, Kostas and Pappas, George and Silva, Hector O. and Berti, Emanuele",
    title = "{Post-Kerr black hole spectroscopy}",
    eprint = "1706.07658",
    archivePrefix = "arXiv",
    primaryClass = "gr-qc",
    doi = "10.1103/PhysRevD.96.064054",
    journal = "Phys. Rev. D",
    volume = "96",
    number = "6",
    pages = "064054",
    year = "2017"
}

@article{Ghosh:2021mrv,
    author = "Ghosh, Abhirup and Brito, Richard and Buonanno, Alessandra",
    title = "{Constraints on quasi-normal-mode frequencies with LIGO-Virgo binary-black-hole observations}",
    eprint = "2104.01906",
    archivePrefix = "arXiv",
    primaryClass = "gr-qc",
    reportNumber = "LIGO-P2100106",
    month = "4",
    year = "2021"
}

@article{Cardoso:2008bp,
    author = "Cardoso, Vitor and Miranda, Alex S. and Berti, Emanuele and Witek, Helvi and Zanchin, Vilson T.",
    title = "{Geodesic stability, Lyapunov exponents and quasinormal modes}",
    eprint = "0812.1806",
    archivePrefix = "arXiv",
    primaryClass = "hep-th",
    doi = "10.1103/PhysRevD.79.064016",
    journal = "Phys. Rev. D",
    volume = "79",
    pages = "064016",
    year = "2009"
}

@article{Ferrari:1984zz,
    author = "Ferrari, Valeria and Mashhoon, Bahram",
    title = "{New approach to the quasinormal modes of a black hole}",
    doi = "10.1103/PhysRevD.30.295",
    journal = "Phys. Rev. D",
    volume = "30",
    pages = "295--304",
    year = "1984"
}

@article{Dolan:2009nk,
    author = "Dolan, Sam R. and Ottewill, Adrian C.",
    editor = "Uranga, A. M.",
    title = "{On an Expansion Method for Black Hole Quasinormal Modes and Regge Poles}",
    eprint = "0908.0329",
    archivePrefix = "arXiv",
    primaryClass = "gr-qc",
    doi = "10.1088/0264-9381/26/22/225003",
    journal = "Class. Quant. Grav.",
    volume = "26",
    pages = "225003",
    year = "2009"
}

@article{Taracchini:2013rva,
    author = "Taracchini, Andrea and others",
    title = "{Effective-one-body model for black-hole binaries with generic mass ratios and spins}",
    eprint = "1311.2544",
    archivePrefix = "arXiv",
    primaryClass = "gr-qc",
    doi = "10.1103/PhysRevD.89.061502",
    journal = "Phys. Rev. D",
    volume = "89",
    number = "6",
    pages = "061502",
    year = "2014"
}

@article{Hofmann:2016yih,
    author = "Hofmann, Fabian and Barausse, Enrico and Rezzolla, Luciano",
    title = "{The final spin from binary black holes in quasi-circular orbits}",
    eprint = "1605.01938",
    archivePrefix = "arXiv",
    primaryClass = "gr-qc",
    doi = "10.3847/2041-8205/825/2/L19",
    journal = "Astrophys. J. Lett.",
    volume = "825",
    number = "2",
    pages = "L19",
    year = "2016"
}

@article{Brito:2018rfr,
    author = "Brito, Richard and Buonanno, Alessandra and Raymond, Vivien",
    title = "{Black-hole Spectroscopy by Making Full Use of Gravitational-Wave Modeling}",
    eprint = "1805.00293",
    archivePrefix = "arXiv",
    primaryClass = "gr-qc",
    doi = "10.1103/PhysRevD.98.084038",
    journal = "Phys. Rev. D",
    volume = "98",
    number = "8",
    pages = "084038",
    year = "2018"
}

@article{Yang:2021zqy,
    author = "Yang, Huan",
    title = "{Relating Black Hole Shadow to Quasinormal Modes for Rotating Black Holes}",
    eprint = "2101.11129",
    archivePrefix = "arXiv",
    primaryClass = "gr-qc",
    doi = "10.1103/PhysRevD.103.084010",
    journal = "Phys. Rev. D",
    volume = "103",
    number = "8",
    pages = "084010",
    year = "2021"
}

@article{Volkel:2020daa,
    author = {V\"olkel, Sebastian H. and Barausse, Enrico},
    title = "{Bayesian Metric Reconstruction with Gravitational Wave Observations}",
    eprint = "2007.02986",
    archivePrefix = "arXiv",
    primaryClass = "gr-qc",
    doi = "10.1103/PhysRevD.102.084025",
    journal = "Phys. Rev. D",
    volume = "102",
    number = "8",
    pages = "084025",
    year = "2020"
}

@article{Chen:2021cts,
    author = "Chen, Che-Yu and Bouhmadi-L\'opez, Mariam and Chen, Pisin",
    title = "{Lessons from black hole quasinormal modes in modified gravity}",
    eprint = "2103.01249",
    archivePrefix = "arXiv",
    primaryClass = "gr-qc",
    doi = "10.1140/epjp/s13360-021-01227-z",
    journal = "Eur. Phys. J. Plus",
    volume = "136",
    number = "2",
    pages = "253",
    year = "2021"
}

@article{Buonanno:2007sv,
    author = "Buonanno, Alessandra and Kidder, Lawrence E. and Lehner, Luis",
    title = "{Estimating the final spin of a binary black hole coalescence}",
    eprint = "0709.3839",
    archivePrefix = "arXiv",
    primaryClass = "astro-ph",
    doi = "10.1103/PhysRevD.77.026004",
    journal = "Phys. Rev. D",
    volume = "77",
    pages = "026004",
    year = "2008"
}

@article{Jai-akson:2017ldo,
    author = "Jai-akson, Puttarak and Chatrabhuti, Auttakit and Evnin, Oleg and Lehner, Luis",
    title = "{Black hole merger estimates in Einstein-Maxwell and Einstein-Maxwell-dilaton gravity}",
    eprint = "1706.06519",
    archivePrefix = "arXiv",
    primaryClass = "gr-qc",
    doi = "10.1103/PhysRevD.96.044031",
    journal = "Phys. Rev. D",
    volume = "96",
    number = "4",
    pages = "044031",
    year = "2017"
}

@article{Krishnendu:2017shb,
    author = "Krishnendu, N. V. and Arun, K. G. and Mishra, Chandra Kant",
    title = "{Testing the binary black hole nature of a compact binary coalescence}",
    eprint = "1701.06318",
    archivePrefix = "arXiv",
    primaryClass = "gr-qc",
    doi = "10.1103/PhysRevLett.119.091101",
    journal = "Phys. Rev. Lett.",
    volume = "119",
    number = "9",
    pages = "091101",
    year = "2017"
}

@article{Krishnendu:2019tjp,
    author = "Krishnendu, N. V. and Saleem, M. and Samajdar, A. and Arun, K. G. and Del Pozzo, W. and Mishra, Chandra Kant",
    title = "{Constraints on the binary black hole nature of GW151226 and GW170608 from the measurement of spin-induced quadrupole moments}",
    eprint = "1908.02247",
    archivePrefix = "arXiv",
    primaryClass = "gr-qc",
    doi = "10.1103/PhysRevD.100.104019",
    journal = "Phys. Rev. D",
    volume = "100",
    number = "10",
    pages = "104019",
    year = "2019"
}

@article{Glampedakis:2017cgd,
    author = "Glampedakis, Kostas and Pappas, George",
    title = "{How well can ultracompact bodies imitate black hole ringdowns?}",
    eprint = "1710.02136",
    archivePrefix = "arXiv",
    primaryClass = "gr-qc",
    doi = "10.1103/PhysRevD.97.041502",
    journal = "Phys. Rev. D",
    volume = "97",
    number = "4",
    pages = "041502",
    year = "2018"
}

@article{Okounkova:2020rqw,
    author = "Okounkova, Maria",
    title = "{Numerical relativity simulation of GW150914 in Einstein dilaton Gauss-Bonnet gravity}",
    eprint = "2001.03571",
    archivePrefix = "arXiv",
    primaryClass = "gr-qc",
    doi = "10.1103/PhysRevD.102.084046",
    journal = "Phys. Rev. D",
    volume = "102",
    number = "8",
    pages = "084046",
    year = "2020"
}

@article{Okounkova:2019zjf,
    author = "Okounkova, Maria and Stein, Leo C. and Moxon, Jordan and Scheel, Mark A. and Teukolsky, Saul A.",
    title = "{Numerical relativity simulation of GW150914 beyond general relativity}",
    eprint = "1911.02588",
    archivePrefix = "arXiv",
    primaryClass = "gr-qc",
    doi = "10.1103/PhysRevD.101.104016",
    journal = "Phys. Rev. D",
    volume = "101",
    number = "10",
    pages = "104016",
    year = "2020"
}

@article{Blazquez-Salcedo:2016enn,
    author = "Bl\'azquez-Salcedo, Jose Luis and Macedo, Caio F. B. and Cardoso, Vitor and Ferrari, Valeria and Gualtieri, Leonardo and Khoo, Fech Scen and Kunz, Jutta and Pani, Paolo",
    title = "{Perturbed black holes in Einstein-dilaton-Gauss-Bonnet gravity: Stability, ringdown, and gravitational-wave emission}",
    eprint = "1609.01286",
    archivePrefix = "arXiv",
    primaryClass = "gr-qc",
    doi = "10.1103/PhysRevD.94.104024",
    journal = "Phys. Rev. D",
    volume = "94",
    number = "10",
    pages = "104024",
    year = "2016"
}

@article{Pierini:2021jxd,
    author = "Pierini, Lorenzo and Gualtieri, Leonardo",
    title = "{Quasi-normal modes of rotating black holes in Einstein-dilaton Gauss-Bonnet gravity: the first order in rotation}",
    eprint = "2103.09870",
    archivePrefix = "arXiv",
    primaryClass = "gr-qc",
    doi = "10.1103/PhysRevD.103.124017",
    journal = "Phys. Rev. D",
    volume = "103",
    pages = "124017",
    year = "2021"
}

@article{Molina:2010fb,
    author = "Molina, C. and Pani, Paolo and Cardoso, Vitor and Gualtieri, Leonardo",
    title = "{Gravitational signature of Schwarzschild black holes in dynamical Chern-Simons gravity}",
    eprint = "1004.4007",
    archivePrefix = "arXiv",
    primaryClass = "gr-qc",
    doi = "10.1103/PhysRevD.81.124021",
    journal = "Phys. Rev. D",
    volume = "81",
    pages = "124021",
    year = "2010"
}

@article{Wagle:2021tam,
    author = "Wagle, Pratik K. and Yunes, Nicol\'as and Silva, Hector O.",
    title = "{Quasinormal modes of slowly-rotating black holes in dynamical Chern-Simons gravity}",
    eprint = "2103.09913",
    archivePrefix = "arXiv",
    primaryClass = "gr-qc",
    month = "3",
    year = "2021"
}

@article{Srivastava:2021imr,
    author = "Srivastava, Manu and Chen, Yanbei and Shankaranarayanan, S.",
    title = "{Analytical computation of quasi-normal modes of slowly-rotating black-holes in dCS gravity}",
    eprint = "2106.06209",
    archivePrefix = "arXiv",
    primaryClass = "gr-qc",
    month = "6",
    year = "2021"
}

@article{Ferrari:2000ep,
    author = "Ferrari, Valeria and Pauri, Massimo and Piazza, Federico",
    title = "{Quasinormal modes of charged, dilaton black holes}",
    eprint = "gr-qc/0005125",
    archivePrefix = "arXiv",
    doi = "10.1103/PhysRevD.63.064009",
    journal = "Phys. Rev. D",
    volume = "63",
    pages = "064009",
    year = "2001"
}

@article{Brito:2018hjh,
    author = "Brito, Richard and Pacilio, Costantino",
    title = "{Quasinormal modes of weakly charged Einstein-Maxwell-dilaton black holes}",
    eprint = "1807.09081",
    archivePrefix = "arXiv",
    primaryClass = "gr-qc",
    doi = "10.1103/PhysRevD.98.104042",
    journal = "Phys. Rev. D",
    volume = "98",
    number = "10",
    pages = "104042",
    year = "2018"
}

@article{Yunes:2016jcc,
    author = "Yunes, Nicolas and Yagi, Kent and Pretorius, Frans",
    title = "{Theoretical Physics Implications of the Binary Black-Hole Mergers GW150914 and GW151226}",
    eprint = "1603.08955",
    archivePrefix = "arXiv",
    primaryClass = "gr-qc",
    doi = "10.1103/PhysRevD.94.084002",
    journal = "Phys. Rev. D",
    volume = "94",
    number = "8",
    pages = "084002",
    year = "2016"
}

@article{Cutler:1987ApJ314,
       author = {{Cutler}, Curt and {Lindblom}, Lee},
        title = "{The Effect of Viscosity on Neutron Star Oscillations}",
      journal = {\apj},
     keywords = {Neutron Stars, Stellar Oscillations, Viscosity, Equations Of State, Relativistic Effects, Stellar Rotation, Superfluidity, Thermal Conductivity, Astrophysics, EQUATION OF STATE, HYDRODYNAMICS, RELATIVITY, STARS: NEUTRON, STARS: PULSATION, STARS: ROTATION},
         year = 1987,
        month = mar,
       volume = {314},
        pages = {234},
          doi = {10.1086/165052},
       adsurl = {https://ui.adsabs.harvard.edu/abs/1987ApJ...314..234C},
      adsnote = {Provided by the SAO/NASA Astrophysics Data System}
}

@article{deRham:2020ejn,
    author = "de Rham, Claudia and Francfort, J\'er\'emie and Zhang, Jun",
    title = "{Black Hole Gravitational Waves in the Effective Field Theory of Gravity}",
    eprint = "2005.13923",
    archivePrefix = "arXiv",
    primaryClass = "hep-th",
    reportNumber = "Imperial/TP/2020/CdR/02",
    doi = "10.1103/PhysRevD.102.024079",
    journal = "Phys. Rev. D",
    volume = "102",
    number = "2",
    pages = "024079",
    year = "2020"
}

@article{Cardoso:2018ptl,
    author = "Cardoso, Vitor and Kimura, Masashi and Maselli, Andrea and Senatore, Leonardo",
    title = "{Black Holes in an Effective Field Theory Extension of General Relativity}",
    eprint = "1808.08962",
    archivePrefix = "arXiv",
    primaryClass = "gr-qc",
    doi = "10.1103/PhysRevLett.121.251105",
    journal = "Phys. Rev. Lett.",
    volume = "121",
    number = "25",
    pages = "251105",
    year = "2018"
}

