@article{Mroue:2013xna,
    author = "Mroue, Abdul H. and others",
    title = "{Catalog of 174 Binary Black Hole Simulations for Gravitational Wave Astronomy}",
    eprint = "1304.6077",
    archivePrefix = "arXiv",
    primaryClass = "gr-qc",
    doi = "10.1103/PhysRevLett.111.241104",
    journal = "Phys. Rev. Lett.",
    volume = "111",
    number = "24",
    pages = "241104",
    year = "2013"
}

@article{Abbott:2016blz,
    author = "Abbott, B. P. and others",
    collaboration = "LIGO Scientific, Virgo",
    title = "{Observation of Gravitational Waves from a Binary Black Hole Merger}",
    eprint = "1602.03837",
    archivePrefix = "arXiv",
    primaryClass = "gr-qc",
    reportNumber = "LIGO-P150914",
    doi = "10.1103/PhysRevLett.116.061102",
    journal = "Phys. Rev. Lett.",
    volume = "116",
    number = "6",
    pages = "061102",
    year = "2016"
}

@article{TheVirgo:2014hva,
    author = "Acernese, F. and others",
    collaboration = "VIRGO",
    title = "{Advanced Virgo: a second-generation interferometric gravitational wave detector}",
    eprint = "1408.3978",
    archivePrefix = "arXiv",
    primaryClass = "gr-qc",
    doi = "10.1088/0264-9381/32/2/024001",
    journal = "Class. Quant. Grav.",
    volume = "32",
    number = "2",
    pages = "024001",
    year = "2015"
}

@TechReport{AdvLIGOPSD,
  author =       {Shoemaker, D. H.},
  title =        {Advanced {LIGO} anticipated sensitivity curves},
  institution =  {},
  year =         2010,
  number =       {LIGO-T1800044},
  note =         {\url{https://dcc.ligo.org/LIGO-T1800044/public}}}

@article{Ashton:2018jfp,
    author = "Ashton, Gregory and others",
    title = "{BILBY: A user-friendly Bayesian inference library for gravitational-wave astronomy}",
    eprint = "1811.02042",
    archivePrefix = "arXiv",
    primaryClass = "astro-ph.IM",
    doi = "10.3847/1538-4365/ab06fc",
    journal = "Astrophys. J. Suppl.",
    volume = "241",
    number = "2",
    pages = "27",
    year = "2019"
}
@article{Smith:2019ucc,
    author = "Smith, Rory J. E. and Ashton, Gregory and Vajpeyi, Avi and Talbot, Colm",
    title = "{Massively parallel Bayesian inference for transient gravitational-wave astronomy}",
    eprint = "1909.11873",
    archivePrefix = "arXiv",
    primaryClass = "gr-qc",
    reportNumber = "LIGO Document P1900255-v1",
    doi = "10.1093/mnras/staa2483",
    journal = "Mon. Not. Roy. Astron. Soc.",
    volume = "498",
    number = "3",
    pages = "4492--4502",
    year = "2020"
}
@article{Veitch:2014wba,
    author = "Veitch, J. and others",
    title = "{Parameter estimation for compact binaries with ground-based gravitational-wave observations using the LALInference software library}",
    eprint = "1409.7215",
    archivePrefix = "arXiv",
    primaryClass = "gr-qc",
    reportNumber = "LIGO-P1400152",
    doi = "10.1103/PhysRevD.91.042003",
    journal = "Phys. Rev. D",
    volume = "91",
    number = "4",
    pages = "042003",
    year = "2015"
}
@article{Skilling:2006gxv,
    author = "Skilling, John",
    title = "{Nested sampling for general Bayesian computation}",
    doi = "10.1214/06-BA127",
    journal = "Bayesian Analysis",
    volume = "1",
    number = "4",
    pages = "833--859",
    year = "2006"
}
@article{Hastings:1970aa,
    author = "Hastings, W. K.",
    title = "{Monte Carlo Sampling Methods Using Markov Chains and Their Applications}",
    doi = "10.1093/biomet/57.1.97",
    journal = "Biometrika",
    volume = "57",
    pages = "97--109",
    year = "1970"
}
@article{Metropolis:1953am,
    author = "Metropolis, N. and Rosenbluth, A. W. and Rosenbluth, M. N. and Teller, A. H. and Teller, E.",
    title = "{Equation of state calculations by fast computing machines}",
    doi = "10.1063/1.1699114",
    journal = "J. Chem. Phys.",
    volume = "21",
    pages = "1087--1092",
    year = "1953"
}
@article{Abbott:2020niy,
    author = "Abbott, R. and others",
    collaboration = "LIGO Scientific, Virgo",
    title = "{GWTC-2: Compact Binary Coalescences Observed by LIGO and Virgo During the First Half of the Third Observing Run}",
    eprint = "2010.14527",
    archivePrefix = "arXiv",
    primaryClass = "gr-qc",
    reportNumber = "P2000061",
    month = "10",
    year = "2020"
}
@article{LIGOScientific:2018mvr,
    author = "Abbott, B. P. and others",
    collaboration = "LIGO Scientific, Virgo",
    title = "{GWTC-1: A Gravitational-Wave Transient Catalog of Compact Binary Mergers Observed by LIGO and Virgo during the First and Second Observing Runs}",
    eprint = "1811.12907",
    archivePrefix = "arXiv",
    primaryClass = "astro-ph.HE",
    reportNumber = "LIGO-P1800307",
    doi = "10.1103/PhysRevX.9.031040",
    journal = "Phys. Rev. X",
    volume = "9",
    number = "3",
    pages = "031040",
    year = "2019"
}
@article{Abbott:2020tfl,
    author = "Abbott, R. and others",
    collaboration = "LIGO Scientific, Virgo",
    title = "{GW190521: A Binary Black Hole Merger with a Total Mass of $150  M_{\odot}$}",
    eprint = "2009.01075",
    archivePrefix = "arXiv",
    primaryClass = "gr-qc",
    doi = "10.1103/PhysRevLett.125.101102",
    journal = "Phys. Rev. Lett.",
    volume = "125",
    number = "10",
    pages = "101102",
    year = "2020"
}

@article{Abbott:2020jks,
    author = "Abbott, R. and others",
    collaboration = "LIGO Scientific, Virgo",
    title = "{Tests of General Relativity with Binary Black Holes from the second LIGO-Virgo Gravitational-Wave Transient Catalog}",
    eprint = "2010.14529",
    archivePrefix = "arXiv",
    primaryClass = "gr-qc",
    reportNumber = "LIGO-P2000091",
    month = "10",
    year = "2020"
}

@article{Brito:2018rfr,
    author = "Brito, Richard and Buonanno, Alessandra and Raymond, Vivien",
    title = "{Black-hole Spectroscopy by Making Full Use of Gravitational-Wave Modeling}",
    eprint = "1805.00293",
    archivePrefix = "arXiv",
    primaryClass = "gr-qc",
    doi = "10.1103/PhysRevD.98.084038",
    journal = "Phys. Rev. D",
    volume = "98",
    number = "8",
    pages = "084038",
    year = "2018"
}
@article{Berti:2009kk,
    author = "Berti, Emanuele and Cardoso, Vitor and Starinets, Andrei O.",
    title = "{Quasinormal modes of black holes and black branes}",
    eprint = "0905.2975",
    archivePrefix = "arXiv",
    primaryClass = "gr-qc",
    doi = "10.1088/0264-9381/26/16/163001",
    journal = "Class. Quant. Grav.",
    volume = "26",
    pages = "163001",
    year = "2009"
}
@article{Berti:2005ys,
    author = "Berti, Emanuele and Cardoso, Vitor and Will, Clifford M.",
    title = "{On gravitational-wave spectroscopy of massive black holes with the space interferometer LISA}",
    eprint = "gr-qc/0512160",
    archivePrefix = "arXiv",
    doi = "10.1103/PhysRevD.73.064030",
    journal = "Phys. Rev. D",
    volume = "73",
    pages = "064030",
    year = "2006"
}
@article{Hofmann:2016yih,
    author = "Hofmann, Fabian and Barausse, Enrico and Rezzolla, Luciano",
    title = "{The final spin from binary black holes in quasi-circular orbits}",
    eprint = "1605.01938",
    archivePrefix = "arXiv",
    primaryClass = "gr-qc",
    doi = "10.3847/2041-8205/825/2/L19",
    journal = "Astrophys. J. Lett.",
    volume = "825",
    number = "2",
    pages = "L19",
    year = "2016"
}
@article{Taracchini:2013rva,
    author = "Taracchini, Andrea and others",
    title = "{Effective-one-body model for black-hole binaries with generic mass ratios and spins}",
    eprint = "1311.2544",
    archivePrefix = "arXiv",
    primaryClass = "gr-qc",
    doi = "10.1103/PhysRevD.89.061502",
    journal = "Phys. Rev. D",
    volume = "89",
    number = "6",
    pages = "061502",
    year = "2014"
}
@article{Cotesta:2018fcv,
    author = "Cotesta, Roberto and Buonanno, Alessandra and Boh\'e, Alejandro and Taracchini, Andrea and Hinder, Ian and Ossokine, Serguei",
    title = "{Enriching the Symphony of Gravitational Waves from Binary Black Holes by Tuning Higher Harmonics}",
    eprint = "1803.10701",
    archivePrefix = "arXiv",
    primaryClass = "gr-qc",
    doi = "10.1103/PhysRevD.98.084028",
    journal = "Phys. Rev. D",
    volume = "98",
    number = "8",
    pages = "084028",
    year = "2018"
}

@article{Bhagwat:2019bwv,
    author = "Bhagwat, Swetha and Cabero, Miriam and Capano, Collin D. and Krishnan, Badri and Brown, Duncan A.",
    title = "{Detectability of the subdominant mode in a binary black hole ringdown}",
    eprint = "1910.13203",
    archivePrefix = "arXiv",
    primaryClass = "gr-qc",
    doi = "10.1103/PhysRevD.102.024023",
    journal = "Phys. Rev. D",
    volume = "102",
    number = "2",
    pages = "024023",
    year = "2020"
}


@article{Forteza:2020hbw,
    author = "Forteza, Xisco Jim√©nez and Bhagwat, Swetha and Pani, Paolo and Ferrari, Valeria",
    title = "{On the spectroscopy of binary black hole ringdown using overtones and angular modes}",
    eprint = "2005.03260",
    archivePrefix = "arXiv",
    primaryClass = "gr-qc",
    month = "5",
    year = "2020"
}

@article{Bhagwat:2017tkm,
    author = "Bhagwat, Swetha and Okounkova, Maria and Ballmer, Stefan W. and Brown, Duncan A. and Giesler, Matthew and Scheel, Mark A. and Teukolsky, Saul A.",
    title = "{On choosing the start time of binary black hole ringdowns}",
    eprint = "1711.00926",
    archivePrefix = "arXiv",
    primaryClass = "gr-qc",
    doi = "10.1103/PhysRevD.97.104065",
    journal = "Phys. Rev. D",
    volume = "97",
    number = "10",
    pages = "104065",
    year = "2018"
}
@article{Testa:2018bzd,
    author = "Testa, Adriano and Pani, Paolo",
    title = "{Analytical template for gravitational-wave echoes: signal characterization and prospects of detection with current and future interferometers}",
    eprint = "1806.04253",
    archivePrefix = "arXiv",
    primaryClass = "gr-qc",
    doi = "10.1103/PhysRevD.98.044018",
    journal = "Phys. Rev. D",
    volume = "98",
    number = "4",
    pages = "044018",
    year = "2018"
}

@article{Abedi:2020sgg,
    author = "Abedi, Jahed and Afshordi, Niayesh",
    title = "{Echoes from the Abyss: A Status Update}",
    eprint = "2001.00821",
    archivePrefix = "arXiv",
    primaryClass = "gr-qc",
    month = "1",
    year = "2020"
}

@article{Abedi:2018npz,
    author = "Abedi, Jahed and Afshordi, Niayesh",
    title = "{Echoes from the Abyss: A highly spinning black hole remnant for the binary neutron star merger GW170817}",
    eprint = "1803.10454",
    archivePrefix = "arXiv",
    primaryClass = "gr-qc",
    doi = "10.1088/1475-7516/2019/11/010",
    journal = "JCAP",
    volume = "11",
    pages = "010",
    year = "2019"
}

@article{Lo:2018sep,
    author = "Lo, R.K.L. and Li, T.G.F. and Weinstein, A.J.",
    title = "{Template-based Gravitational-Wave Echoes Search Using Bayesian Model Selection}",
    eprint = "1811.07431",
    archivePrefix = "arXiv",
    primaryClass = "gr-qc",
    doi = "10.1103/PhysRevD.99.084052",
    journal = "Phys. Rev. D",
    volume = "99",
    number = "8",
    pages = "084052",
    year = "2019"
}

@article{Tsang:2019zra,
    author = "Tsang, Ka Wa and Ghosh, Archisman and Samajdar, Anuradha and Chatziioannou, Katerina and Mastrogiovanni, Simone and Agathos, Michalis and Van Den Broeck, Chris",
    title = "{A morphology-independent search for gravitational wave echoes in data from the first and second observing runs of Advanced LIGO and Advanced Virgo}",
    eprint = "1906.11168",
    archivePrefix = "arXiv",
    primaryClass = "gr-qc",
    doi = "10.1103/PhysRevD.101.064012",
    journal = "Phys. Rev. D",
    volume = "101",
    number = "6",
    pages = "064012",
    year = "2020"
}

@article{Nielsen:2018lkf,
    author = "Nielsen, Alex B. and Capano, Collin D. and Birnholtz, Ofek and Westerweck, Julian",
    title = "{Parameter estimation and statistical significance of echoes following black hole signals in the first Advanced LIGO observing run}",
    eprint = "1811.04904",
    archivePrefix = "arXiv",
    primaryClass = "gr-qc",
    doi = "10.1103/PhysRevD.99.104012",
    journal = "Phys. Rev. D",
    volume = "99",
    number = "10",
    pages = "104012",
    year = "2019"
}

@article{Cabero:2017avf,
    author = "Cabero, Miriam and Capano, Collin D. and Fischer-Birnholtz, Ofek and Krishnan, Badri and Nielsen, Alex B. and Nitz, Alexander H. and Biwer, Christopher M.",
    title = "{Observational tests of the black hole area increase law}",
    eprint = "1711.09073",
    archivePrefix = "arXiv",
    primaryClass = "gr-qc",
    doi = "10.1103/PhysRevD.97.124069",
    journal = "Phys. Rev. D",
    volume = "97",
    number = "12",
    pages = "124069",
    year = "2018"
}

@article{Carullo:2018gah,
    author = "Carullo, Gregorio and Riemenschneider, Gunnar and Tsang, Ka Wa and Nagar, Alessandro and Del Pozzo, Walter",
    title = "{GW150914 peak frequency: a novel consistency test of strong-field General Relativity}",
    eprint = "1811.08744",
    archivePrefix = "arXiv",
    primaryClass = "gr-qc",
    doi = "10.1088/1361-6382/ab185e",
    journal = "Class. Quant. Grav.",
    volume = "36",
    number = "10",
    pages = "105009",
    year = "2019"
}

@article{Carullo:2019flw,
    author = "Carullo, Gregorio and Del Pozzo, Walter and Veitch, John",
    title = "{Observational Black Hole Spectroscopy: A time-domain multimode analysis of GW150914}",
    eprint = "1902.07527",
    archivePrefix = "arXiv",
    primaryClass = "gr-qc",
    doi = "10.1103/PhysRevD.99.123029",
    journal = "Phys. Rev. D",
    volume = "99",
    number = "12",
    pages = "123029",
    year = "2019",
    note = "[Erratum: Phys.Rev.D 100, 089903 (2019)]"
}

@article{Giesler:2019uxc,
    author = "Giesler, Matthew and Isi, Maximiliano and Scheel, Mark A. and Teukolsky, Saul",
    title = "{Black Hole Ringdown: The Importance of Overtones}",
    eprint = "1903.08284",
    archivePrefix = "arXiv",
    primaryClass = "gr-qc",
    doi = "10.1103/PhysRevX.9.041060",
    journal = "Phys. Rev. X",
    volume = "9",
    number = "4",
    pages = "041060",
    year = "2019"
}

@article{Isi:2019aib,
    author = "Isi, Maximiliano and Giesler, Matthew and Farr, Will M. and Scheel, Mark A. and Teukolsky, Saul A.",
    title = "{Testing the no-hair theorem with GW150914}",
    eprint = "1905.00869",
    archivePrefix = "arXiv",
    primaryClass = "gr-qc",
    reportNumber = "LIGO-P1900135",
    doi = "10.1103/PhysRevLett.123.111102",
    journal = "Phys. Rev. Lett.",
    volume = "123",
    number = "11",
    pages = "111102",
    year = "2019"
}

@article{Bhagwat:2019dtm,
    author = "Bhagwat, Swetha and Forteza, Xisco Jimenez and Pani, Paolo and Ferrari, Valeria",
    title = "{Ringdown overtones, black hole spectroscopy, and no-hair theorem tests}",
    eprint = "1910.08708",
    archivePrefix = "arXiv",
    primaryClass = "gr-qc",
    doi = "10.1103/PhysRevD.101.044033",
    journal = "Phys. Rev. D",
    volume = "101",
    number = "4",
    pages = "044033",
    year = "2020"
}

@article{Ghonge:2020suv,
    author = "Ghonge, Sudarshan and Chatziioannou, Katerina and Clark, James A. and Littenberg, Tyson and Millhouse, Margaret and Cadonati, Laura and Cornish, Neil",
    title = "{Reconstructing gravitational wave signals from binary black hole mergers with minimal assumptions}",
    eprint = "2003.09456",
    archivePrefix = "arXiv",
    primaryClass = "gr-qc",
    month = "3",
    year = "2020"
}

@article{Ghosh:2017gfp,
    author = "Ghosh, Abhirup and Johnson-Mcdaniel, Nathan K. and Ghosh, Archisman and Mishra, Chandra Kant and Ajith, Parameswaran and Del Pozzo, Walter and Berry, Christopher P.L. and Nielsen, Alex B. and London, Lionel",
    title = "{Testing general relativity using gravitational wave signals from the inspiral, merger and ringdown of binary black holes}",
    eprint = "1704.06784",
    archivePrefix = "arXiv",
    primaryClass = "gr-qc",
    reportNumber = "LIGO-P1700006, ICTS-2017-3",
    doi = "10.1088/1361-6382/aa972e",
    journal = "Class. Quant. Grav.",
    volume = "35",
    number = "1",
    pages = "014002",
    year = "2018"
}

@article{Ghosh:2016xx,
      oldkey         = "Ghosh:2016qgn",
      author         = "Ghosh, Abhirup and others",
      title          = "{Testing general relativity using golden black-hole
                        binaries}",
      journal        = "Phys. Rev. D",
      volume         = "94",
      year           = "2016",
      number         = "2",
      pages          = "021101(R)",
      doi            = "10.1103/PhysRevD.94.021101",
      eprint         = "1602.02453",
      archivePrefix  = "arXiv",
      primaryClass   = "gr-qc",
      reportNumber   = "LIGO-P1500185-V10, ICTS-2016-1",
      SLACcitation   = "%%CITATION = ARXIV:1602.02453;%%"
}


@article{isi2017probing,
  title={Probing gravitational wave polarizations with signals from compact binary coalescences},
  author={Isi, Maximiliano and Weinstein, Alan J},
  journal={arXiv preprint arXiv:1710.03794},
  year={2017}
}

@article{samajdar2017projected,
  title={Projected constraints on the dispersion of gravitational waves using advanced ground-and space-based interferometers},
  author={Samajdar, Anuradha and Arun, KG},
  journal={Physical Review D},
  volume={96},
  number={10},
  pages={104027},
  year={2017},
  publisher={APS}
}


@article{gw170104,
  title = {GW170104: Observation of a 50-Solar-Mass Binary Black Hole Coalescence at Redshift 0.2},
  author = {Abbott, B. P. and others},
  collaboration = {LIGO Scientific and Virgo Collaboration},
  journal = {Phys. Rev. Lett.},
  volume = {118},
  issue = {22},
  pages = {221101},
  numpages = {17},
  year = {2017},
  month = {Jun},
  publisher = {American Physical Society},
  doi = {10.1103/PhysRevLett.118.221101},
  url = {https://link.aps.org/doi/10.1103/PhysRevLett.118.221101}
}


@article{gw170814,
  title = {GW170814: A Three-Detector Observation of Gravitational Waves from a Binary Black Hole Coalescence},
  author = {Abbott, B. P. and others},
  collaboration = {LIGO Scientific Collaboration and Virgo Collaboration},
  journal = {Phys. Rev. Lett.},
  volume = {119},
  issue = {14},
  pages = {141101},
  numpages = {16},
  year = {2017},
  month = {Oct},
  publisher = {American Physical Society},
  doi = {10.1103/PhysRevLett.119.141101},
  url = {https://link.aps.org/doi/10.1103/PhysRevLett.119.141101}
}

@article{gw170817_mma,
   title={Multi-messenger Observations of a Binary Neutron Star Merger},
   volume={848},
   ISSN={2041-8213},
   url={http://dx.doi.org/10.3847/2041-8213/aa91c9},
   DOI={10.3847/2041-8213/aa91c9},
   number={2},
   journal={The Astrophysical Journal},
   publisher={American Astronomical Society},
   author={Abbott, B. P. and Abbott, R. and Abbott, T. D. and Acernese, F. and Ackley, K. and Adams, C. and Adams, T. and Addesso, P. and Adhikari, R. X. and Adya, V. B. and et al.},
   year={2017},
   month={Oct},
   pages={L12}
}


@article{gw170817_joint,
   title={Gravitational Waves and Gamma-Rays from a Binary Neutron Star Merger: GW170817 and GRB 170817A},
   volume={848},
   ISSN={2041-8213},
   url={http://dx.doi.org/10.3847/2041-8213/aa920c},
   DOI={10.3847/2041-8213/aa920c},
   number={2},
   journal={The Astrophysical Journal},
   publisher={American Astronomical Society},
   author={Abbott, B. P. and Abbott, R. and Abbott, T. D. and Acernese, F. and Ackley, K. and Adams, C. and Adams, T. and Addesso, P. and Adhikari, R. X. and Adya, V. B. and et al.},
   year={2017},
   month={Oct},
   pages={L13}
}


@article{gw170817_hubble,
   title={A gravitational-wave standard siren measurement of the Hubble constant},
   volume={551},
   ISSN={1476-4687},
   url={http://dx.doi.org/10.1038/nature24471},
   DOI={10.1038/nature24471},
   number={7678},
   journal={Nature},
   publisher={Springer Science and Business Media LLC},
   year={2017},
   month={Oct},
   pages={85‚Äì88}
}


@article{gwtc1_tgr,
   title={Tests of general relativity with the binary black hole signals from the LIGO-Virgo catalog GWTC-1},
   volume={100},
   ISSN={2470-0029},
   url={http://dx.doi.org/10.1103/PhysRevD.100.104036},
   DOI={10.1103/physrevd.100.104036},
   number={10},
   journal={Physical Review D},
   publisher={American Physical Society (APS)},
   author={Abbott, B.‚ÄâP. and Abbott, R. and Abbott, T.‚ÄâD. and Abraham, S. and Acernese, F. and Ackley, K. and Adams, C. and Adhikari, R.‚ÄâX. and Adya, V.‚ÄâB. and Affeldt, C. and et al.},
   year={2019},
   month={Nov}
}


@article{GW170817_TGR,
   title={Tests of General Relativity with GW170817},
   volume={123},
   ISSN={1079-7114},
   url={http://dx.doi.org/10.1103/PhysRevLett.123.011102},
   DOI={10.1103/physrevlett.123.011102},
   number={1},
   journal={Physical Review Letters},
   publisher={American Physical Society (APS)},
   author={Abbott, B.‚ÄâP. and Abbott, R. and Abbott, T.‚ÄâD. and Acernese, F. and Ackley, K. and Adams, C. and Adams, T. and Addesso, P. and Adhikari, R.‚ÄâX. and Adya, V.‚ÄâB. and et al.},
   year={2019},
   month={Jul}
}


@article{gw170817,
  title = {GW170817: Observation of Gravitational Waves from a Binary Neutron Star Inspiral},
  author = {Abbott, B. P. and others},
  collaboration = {LIGO Scientific Collaboration and Virgo Collaboration},
  journal = {Phys. Rev. Lett.},
  volume = {119},
  issue = {16},
  pages = {161101},
  numpages = {18},
  year = {2017},
  month = {Oct},
  publisher = {American Physical Society},
  doi = {10.1103/PhysRevLett.119.161101},
  url = {https://link.aps.org/doi/10.1103/PhysRevLett.119.161101}
}


@article{LSC_2016O1results,
  title = {Binary Black Hole Mergers in the First Advanced LIGO Observing Run},
  author = "{Abbott et al.}, B.~P.",
  collaboration = {LIGO Scientific Collaboration and Virgo Collaboration},
  journal = {Phys. Rev. X},
  volume = {6},
  issue = {4},
  pages = {041015},
  numpages = {36},
  year = {2016},
  month = {Oct},
  publisher = {American Physical Society},
  doi = {10.1103/PhysRevX.6.041015},
  url = {http://link.aps.org/doi/10.1103/PhysRevX.6.041015}
}


@ARTICLE{LSC_2016rates,
  author = "{Abbott et al.\ (LIGO Scientific Collaboration)}, B.~P.",
  title = "{The Rate of Binary Black Hole Mergers Inferred from Advanced LIGO Observations Surrounding GW150914}",
  journal = {ArXiv e-prints},
  archivePrefix = "arXiv",
  eprint = {1602.03842},
  primaryClass = "astro-ph.HE",
  keywords = {Astrophysics - High Energy Astrophysical Phenomena, General Relativity and Quantum Cosmology},
  year = 2016,
  month = feb,
  adsurl = {http://adsabs.harvard.edu/abs/2016arXiv160203842T},
  adsnote = {Provided by the SAO/NASA Astrophysics Data System}
}

@ARTICLE{LSC_2016astroph,
  author = "{Abbott et al.\ (LIGO Scientific Collaboration)}, B.~P.",
    title = "{Astrophysical Implications of the Binary Black-hole Merger GW150914}",
 journal={The Astrophysical Journal Letters},
archivePrefix = "arXiv",
   eprint = {1602.03846},
 primaryClass = "astro-ph.HE",
 keywords = {gravitational waves, stars: black holes, stars: massive},
     year = 2016,
    month = feb,
   volume = 818,
      eid = {L22},
    pages = {L22},
      doi = {10.3847/2041-8205/818/2/L22},
   adsurl = {http://adsabs.harvard.edu/abs/2016ApJ...818L..22A},
  adsnote = {Provided by the SAO/NASA Astrophysics Data System}
}

@article{LSC_2016paramest,
  title = {Properties of the Binary Black Hole Merger GW150914},
  author = "{Abbott et al.}, B.~P.",
  collaboration = {LIGO Scientific Collaboration and Virgo Collaboration},
  journal = {Phys. Rev. Lett.},
  volume = {116},
  issue = {24},
  pages = {241102},
  numpages = {19},
  year = {2016},
  month = {Jun},
  publisher = {American Physical Society},
  doi = {10.1103/PhysRevLett.116.241102},
  url = {http://link.aps.org/doi/10.1103/PhysRevLett.116.241102}
}


@article{LSC_2016grtests,
  title = {Tests of General Relativity with GW150914},
  author = "{Abbott et al.}, B.~P.",
  collaboration = {LIGO Scientific and Virgo Collaborations},
  journal = {Phys. Rev. Lett.},
  volume = {116},
  issue = {22},
  pages = {221101},
  numpages = {19},
  year = {2016},
  month = {May},
  publisher = {American Physical Society},
  doi = {10.1103/PhysRevLett.116.221101},
  url = {http://link.aps.org/doi/10.1103/PhysRevLett.116.221101}
}


@article{Venumadhav_2020,
   title={New binary black hole mergers in the second observing run of Advanced LIGO and Advanced Virgo},
   volume={101},
   ISSN={2470-0029},
   url={http://dx.doi.org/10.1103/PhysRevD.101.083030},
   DOI={10.1103/physrevd.101.083030},
   number={8},
   journal={Physical Review D},
   publisher={American Physical Society (APS)},
   author={Venumadhav, Tejaswi and Zackay, Barak and Roulet, Javier and Dai, Liang and Zaldarriaga, Matias},
   year={2020},
   month={Apr}
}


@ARTICLE{2019PhRvD.100b3007Z,
       author = {{Zackay}, Barak and {Venumadhav}, Tejaswi and {Dai}, Liang and
         {Roulet}, Javier and {Zaldarriaga}, Matias},
        title = "{Highly spinning and aligned binary black hole merger in the Advanced LIGO first observing run}",
      journal = {\prd},
     keywords = {Astrophysics - High Energy Astrophysical Phenomena, Astrophysics - Instrumentation and Methods for Astrophysics, General Relativity and Quantum Cosmology},
         year = 2019,
        month = jul,
       volume = {100},
       number = {2},
          eid = {023007},
        pages = {023007},
          doi = {10.1103/PhysRevD.100.023007},
archivePrefix = {arXiv},
       eprint = {1902.10331},
 primaryClass = {astro-ph.HE},
       adsurl = {https://ui.adsabs.harvard.edu/abs/2019PhRvD.100b3007Z},
      adsnote = {Provided by the SAO/NASA Astrophysics Data System}
}



@ARTICLE{2020PhRvD.101h3030V,
       author = {{Venumadhav}, Tejaswi and {Zackay}, Barak and {Roulet}, Javier and
         {Dai}, Liang and {Zaldarriaga}, Matias},
        title = "{New binary black hole mergers in the second observing run of Advanced LIGO and Advanced Virgo}",
      journal = {\prd},
     keywords = {Astrophysics - High Energy Astrophysical Phenomena, Astrophysics - Cosmology and Nongalactic Astrophysics, Astrophysics - Instrumentation and Methods for Astrophysics, General Relativity and Quantum Cosmology},
         year = 2020,
        month = apr,
       volume = {101},
       number = {8},
          eid = {083030},
        pages = {083030},
          doi = {10.1103/PhysRevD.101.083030},
archivePrefix = {arXiv},
       eprint = {1904.07214},
 primaryClass = {astro-ph.HE},
       adsurl = {https://ui.adsabs.harvard.edu/abs/2020PhRvD.101h3030V},
      adsnote = {Provided by the SAO/NASA Astrophysics Data System}
}



@article{abbott2016observation,
  title={Observation of gravitational waves from a binary black hole merger},
  author={Abbott, Benjamin P and Abbott, Richard and Abbott, TD and Abernathy, MR and Acernese, Fausto and Ackley, Kendall and Adams, Carl and Adams, Thomas and Addesso, Paolo and Adhikari, RX and others},
  journal={Physical review letters},
  volume={116},
  number={6},
  pages={061102},
  year={2016},
  publisher={APS}
}

@article{nitz20202,
  title={2-OGC: Open Gravitational-wave Catalog of binary mergers from analysis of public Advanced LIGO and Virgo data},
  author={Nitz, Alexander H and Dent, Thomas and Davies, Gareth S and Kumar, Sumit and Capano, Collin D and Harry, Ian and Mozzon, Simone and Nuttall, Laura and Lundgren, Andrew and T{\'a}pai, M{\'a}rton},
  journal={The Astrophysical Journal},
  volume={891},
  number={2},
  pages={123},
  year={2020},
  publisher={IOP Publishing}
}

@article{nitz20191,
  title={1-OGC: The first open gravitational-wave catalog of binary mergers from analysis of public Advanced LIGO data},
  author={Nitz, Alexander H and Capano, Collin and Nielsen, Alex B and Reyes, Steven and White, Rebecca and Brown, Duncan A and Krishnan, Badri},
  journal={The Astrophysical Journal},
  volume={872},
  number={2},
  pages={195},
  year={2019},
  publisher={IOP Publishing}
}

@article{acernese2014advanced,
  title={Advanced Virgo: a second-generation interferometric gravitational wave detector},
  author={Acernese, F and Agathos, M and Agatsuma, K and Aisa, D and Allemandou, N and Allocca, A and Amarni, J and Astone, P and Balestri, G and Ballardin, G and others},
  journal={Classical and Quantum Gravity},
  volume={32},
  number={2},
  pages={024001},
  year={2014},
  publisher={IOP Publishing}
}

@article{aasi2015characterization,
  title={Characterization of the LIGO detectors during their sixth science run},
  author={Aasi, J and Abadie, J and Abbott, BP and Abbott, Robert and Abbott, T and Abernathy, MR and Accadia, T and Acernese, F and Adams, C and Adams, T and others},
  journal={Classical and Quantum Gravity},
  volume={32},
  number={11},
  pages={115012},
  year={2015},
  publisher={IOP Publishing}
}

@misc{virgo,
  title = {Virgo Collaboration},
  note = {\url{https://www.virgo-gw.eu/}}
}

@misc{lsc,
  title = {{LIGO} Scientific Collaboration},
  note = {\url{https://www.ligo.org/}}
}

@article{Bohe:2016gbl,
    author = "Boh\'e, Alejandro and others",
    title = "{Improved effective-one-body model of spinning, nonprecessing binary black holes for the era of gravitational-wave astrophysics with advanced detectors}",
    eprint = "1611.03703",
    archivePrefix = "arXiv",
    primaryClass = "gr-qc",
    reportNumber = "LIGO-P1600315",
    doi = "10.1103/PhysRevD.95.044028",
    journal = "Phys. Rev. D",
    volume = "95",
    number = "4",
    pages = "044028",
    year = "2017"
}

%%Papers about ringdown to cite
@article{Detweiler:1980gk,
    author = "Detweiler, Steven L.",
    title = "{BLACK HOLES AND GRAVITATIONAL WAVES. III. THE RESONANT FREQUENCIES OF ROTATING HOLES}",
    doi = "10.1086/158109",
    journal = "Astrophys. J.",
    volume = "239",
    pages = "292--295",
    year = "1980"
}
@article{Dreyer:2003bv,
    author = "Dreyer, Olaf and Kelly, Bernard J. and Krishnan, Badri and Finn, Lee Samuel and Garrison, David and Lopez-Aleman, Ramon",
    title = "{Black hole spectroscopy: Testing general relativity through gravitational wave observations}",
    eprint = "gr-qc/0309007",
    archivePrefix = "arXiv",
    doi = "10.1088/0264-9381/21/4/003",
    journal = "Class. Quant. Grav.",
    volume = "21",
    pages = "787--804",
    year = "2004"
}
@article{Gossan:2011ha,
    author = "Gossan, S. and Veitch, J. and Sathyaprakash, B. S.",
    title = "{Bayesian model selection for testing the no-hair theorem with black hole ringdowns}",
    eprint = "1111.5819",
    archivePrefix = "arXiv",
    primaryClass = "gr-qc",
    doi = "10.1103/PhysRevD.85.124056",
    journal = "Phys. Rev. D",
    volume = "85",
    pages = "124056",
    year = "2012"
}
@article{Meidam:2014jpa,
    author = "Meidam, J. and Agathos, M. and Van Den Broeck, C. and Veitch, J. and Sathyaprakash, B. S.",
    title = "{Testing the no-hair theorem with black hole ringdowns using TIGER}",
    eprint = "1406.3201",
    archivePrefix = "arXiv",
    primaryClass = "gr-qc",
    doi = "10.1103/PhysRevD.90.064009",
    journal = "Phys. Rev. D",
    volume = "90",
    number = "6",
    pages = "064009",
    year = "2014"
}
@article{Carullo:2018sfu,
    author = "Carullo, Gregorio and others",
    title = "{Empirical tests of the black hole no-hair conjecture using gravitational-wave observations}",
    eprint = "1805.04760",
    archivePrefix = "arXiv",
    primaryClass = "gr-qc",
    doi = "10.1103/PhysRevD.98.104020",
    journal = "Phys. Rev. D",
    volume = "98",
    number = "10",
    pages = "104020",
    year = "2018"
}
@article{Laghi:2020rgl,
    author = "Laghi, Danny and Carullo, Gregorio and Veitch, John and Del Pozzo, Walter",
    title = "{Quantum black hole spectroscopy: probing the quantum nature of the black hole area using LIGO-Virgo ringdown detections}",
    eprint = "2011.03816",
    archivePrefix = "arXiv",
    primaryClass = "gr-qc",
    month = "11",
    year = "2020"
}
