#############################################################
# pSEOBNRv4HM references
#############################################################
@article{Cotesta:2018fcv,
    author = "Cotesta, Roberto and Buonanno, Alessandra and Boh\'e, Alejandro and Taracchini, Andrea and Hinder, Ian and Ossokine, Serguei",
    title = "{Enriching the Symphony of Gravitational Waves from Binary Black Holes by Tuning Higher Harmonics}",
    eprint = "1803.10701",
    archivePrefix = "arXiv",
    primaryClass = "gr-qc",
    doi = "10.1103/PhysRevD.98.084028",
    journal = "Phys. Rev. D",
    volume = "98",
    number = "8",
    pages = "084028",
    year = "2018"
}


@article{Brito:2018rfr,
    author = "Brito, Richard and Buonanno, Alessandra and Raymond, Vivien",
    title = "{Black-hole Spectroscopy by Making Full Use of Gravitational-Wave Modeling}",
    eprint = "1805.00293",
    archivePrefix = "arXiv",
    primaryClass = "gr-qc",
    doi = "10.1103/PhysRevD.98.084038",
    journal = "Phys. Rev. D",
    volume = "98",
    number = "8",
    pages = "084038",
    year = "2018"
}

@article{Berti:2009kk,
    author = "Berti, Emanuele and Cardoso, Vitor and Starinets, Andrei O.",
    title = "{Quasinormal modes of black holes and black branes}",
    eprint = "0905.2975",
    archivePrefix = "arXiv",
    primaryClass = "gr-qc",
    doi = "10.1088/0264-9381/26/16/163001",
    journal = "Class. Quant. Grav.",
    volume = "26",
    pages = "163001",
    year = "2009"
}
@article{Berti:2005ys,
    author = "Berti, Emanuele and Cardoso, Vitor and Will, Clifford M.",
    title = "{On gravitational-wave spectroscopy of massive black holes with the space interferometer LISA}",
    eprint = "gr-qc/0512160",
    archivePrefix = "arXiv",
    doi = "10.1103/PhysRevD.73.064030",
    journal = "Phys. Rev. D",
    volume = "73",
    pages = "064030",
    year = "2006"
}
@article{Hofmann:2016yih,
    author = "Hofmann, Fabian and Barausse, Enrico and Rezzolla, Luciano",
    title = "{The final spin from binary black holes in quasi-circular orbits}",
    eprint = "1605.01938",
    archivePrefix = "arXiv",
    primaryClass = "gr-qc",
    doi = "10.3847/2041-8205/825/2/L19",
    journal = "Astrophys. J. Lett.",
    volume = "825",
    number = "2",
    pages = "L19",
    year = "2016"
}
@article{Taracchini:2013rva,
    author = "Taracchini, Andrea and others",
    title = "{Effective-one-body model for black-hole binaries with generic mass ratios and spins}",
    eprint = "1311.2544",
    archivePrefix = "arXiv",
    primaryClass = "gr-qc",
    doi = "10.1103/PhysRevD.89.061502",
    journal = "Phys. Rev. D",
    volume = "89",
    number = "6",
    pages = "061502",
    year = "2014"
}

@article{Abbott:2020jks,
    author = "Abbott, R. and others",
    collaboration = "LIGO Scientific, Virgo",
    title = "{Tests of General Relativity with Binary Black Holes from the second LIGO-Virgo Gravitational-Wave Transient Catalog}",
    eprint = "2010.14529",
    archivePrefix = "arXiv",
    primaryClass = "gr-qc",
    reportNumber = "LIGO-P2000091",
    month = "10",
    year = "2020"
}

@misc{Ghosh:2016xx:prep,
  author = {Ghosh, Abhirup and Brito, Richard and Buonanno, Alessandra},
  note = {In preparation}
}

#############################################################
#############################################################

