
@article{Krolak:1987ofj,
    author = "Krolak, A. and Schutz, Bernard F.",
    title = "{Coalescing binaries -- Probe of the universe}",
    doi = "10.1007/BF00759095",
    journal = "Gen. Rel. Grav.",
    volume = "19",
    pages = "1163--1171",
    year = "1987"
}


@article{Rover:2006ni,
    author = "Rover, Christian and Meyer, Renate and Christensen, Nelson",
    title = "{Bayesian inference on compact binary inspiral gravitational radiation signals in interferometric data}",
    eprint = "gr-qc/0602067",
    archivePrefix = "arXiv",
    doi = "10.1088/0264-9381/23/15/009",
    journal = "Class. Quant. Grav.",
    volume = "23",
    pages = "4895--4906",
    year = "2006"
}

@article{vanderSluys:2008qx,
    author = "van der Sluys, Marc and Raymond, Vivien and Mandel, Ilya and Rover, Christian and Christensen, Nelson and Kalogera, Vicky and Meyer, Renate and Vecchio, Alberto",
    editor = "Hughes, S. and Katsavounidis, E.",
    title = "{Parameter estimation of spinning binary inspirals using Markov-chain Monte Carlo}",
    eprint = "0805.1689",
    archivePrefix = "arXiv",
    primaryClass = "gr-qc",
    doi = "10.1088/0264-9381/25/18/184011",
    journal = "Class. Quant. Grav.",
    volume = "25",
    pages = "184011",
    year = "2008"
}


@article{Sennett:2019bpc,
    author = "Sennett, Noah and Brito, Richard and Buonanno, Alessandra and Gorbenko, Victor and Senatore, Leonardo",
    title = "{Gravitational-Wave Constraints on an Effective Field-Theory Extension of General Relativity}",
    eprint = "1912.09917",
    archivePrefix = "arXiv",
    primaryClass = "gr-qc",
    doi = "10.1103/PhysRevD.102.044056",
    journal = "Phys. Rev. D",
    volume = "102",
    number = "4",
    pages = "044056",
    year = "2020"
}

@article{DelPozzo:2011pg,
    author = "Del Pozzo, Walter and Veitch, John and Vecchio, Alberto",
    title = "{Testing General Relativity using Bayesian model selection: Applications to observations of gravitational waves from compact binary systems}",
    eprint = "1101.1391",
    archivePrefix = "arXiv",
    primaryClass = "gr-qc",
    doi = "10.1103/PhysRevD.83.082002",
    journal = "Phys. Rev. D",
    volume = "83",
    pages = "082002",
    year = "2011"
}

@article{Cardenas-Avendano:2019zxd,
    author = "C{\'a}rdenas-Avenda\~{n}o, Alejandro and Nampalliwar, Sourabh and Yunes, Nicolas",
    title = "{Gravitational-wave versus X-ray tests of strong-field gravity}",
    eprint = "1912.08062",
    archivePrefix = "arXiv",
    primaryClass = "gr-qc",
    doi = "10.1088/1361-6382/ab8f64",
    journal = "Class. Quant. Grav.",
    volume = "37",
    number = "13",
    pages = "135008",
    year = "2020"
}

@article{Lyu:2022gdr,
    author = "Lyu, Zhenwei and Jiang, Nan and Yagi, Kent",
    title = "{Constraints on Einstein-dilation-Gauss-Bonnet gravity from black hole-neutron star gravitational wave events}",
    eprint = "2201.02543",
    archivePrefix = "arXiv",
    primaryClass = "gr-qc",
    reportNumber = "LIGO-P2100466",
    doi = "10.1103/PhysRevD.105.064001",
    journal = "Phys. Rev. D",
    volume = "105",
    number = "6",
    pages = "064001",
    year = "2022"
}

@article{LIGOScientific:2021sio,
    author = "Abbott, R. and others",
    collaboration = "LIGO Scientific, VIRGO, KAGRA",
    title = "{Tests of General Relativity with GWTC-3}",
    eprint = "2112.06861",
    archivePrefix = "arXiv",
    primaryClass = "gr-qc",
    reportNumber = "LIGO-P2100275",
    month = "12",
    year = "2021"
}

@book{Maggiore:2018sht,
    author = "Maggiore, Michele",
    title = "{Gravitational Waves. Vol. 2: Astrophysics and Cosmology}",
    isbn = "978-0-19-857089-9",
    publisher = "Oxford University Press",
    month = "3",
    year = "2018"
}

@article{Hui:2021cpm,
    author = "Hui, Lam and Podo, Alessandro and Santoni, Luca and Trincherini, Enrico",
    title = "{Effective Field Theory for the perturbations of a slowly rotating black hole}",
    eprint = "2111.02072",
    archivePrefix = "arXiv",
    primaryClass = "hep-th",
    doi = "10.1007/JHEP12(2021)183",
    journal = "JHEP",
    volume = "12",
    pages = "183",
    year = "2021"
}

@book{Maggiore:2007ulw,
    author = "Maggiore, Michele",
    title = "{Gravitational Waves. Vol. 1: Theory and Experiments}",
    isbn = "978-0-19-857074-5, 978-0-19-852074-0",
    publisher = "Oxford University Press",
    series = "Oxford Master Series in Physics",
    year = "2007"
}

@misc{lalsuite,
       author         = "{LIGO Scientific Collaboration}",
       title          = "{LIGO} {A}lgorithm {L}ibrary - {LALS}uite",
       howpublished   = "free software (GPL)",
       doi            = "10.7935/GT1W-FZ16",
       year           = "2018"
 }


@article{Mihaylov:2021bpf,
    author = "Mihaylov, Deyan P. and Ossokine, Serguei and Buonanno, Alessandra and Ghosh, Abhirup",
    title = "{Fast post-adiabatic waveforms in the time domain: Applications to compact binary coalescences in LIGO and Virgo}",
    eprint = "2105.06983",
    archivePrefix = "arXiv",
    primaryClass = "gr-qc",
    doi = "10.1103/PhysRevD.104.124087",
    journal = "Phys. Rev. D",
    volume = "104",
    number = "12",
    pages = "124087",
    year = "2021"
}

@article{Ghosh:2021mrv,
    author = "Ghosh, Abhirup and Brito, Richard and Buonanno, Alessandra",
    title = "{Constraints on quasinormal-mode frequencies with LIGO-Virgo binary\textendash{}black-hole observations}",
    eprint = "2104.01906",
    archivePrefix = "arXiv",
    primaryClass = "gr-qc",
    reportNumber = "LIGO-P2100106",
    doi = "10.1103/PhysRevD.103.124041",
    journal = "Phys. Rev. D",
    volume = "103",
    number = "12",
    pages = "124041",
    year = "2021"
}

@article{Perkins:2021mhb,
    author = "Perkins, Scott E. and Nair, Remya and Silva, Hector O. and Yunes, Nicolas",
    title = "{Improved gravitational-wave constraints on higher-order curvature theories of gravity}",
    eprint = "2104.11189",
    archivePrefix = "arXiv",
    primaryClass = "gr-qc",
    doi = "10.1103/PhysRevD.104.024060",
    journal = "Phys. Rev. D",
    volume = "104",
    number = "2",
    pages = "024060",
    year = "2021"
}

@article{Silva:2020acr,
    author = "Silva, Hector O. and Holgado, A. Miguel and C\'ardenas-Avenda\~no, Alejandro and Yunes, Nicol\'as",
    title = "{Astrophysical and theoretical physics implications from multimessenger neutron star observations}",
    eprint = "2004.01253",
    archivePrefix = "arXiv",
    primaryClass = "gr-qc",
    doi = "10.1103/PhysRevLett.126.181101",
    journal = "Phys. Rev. Lett.",
    volume = "126",
    number = "18",
    pages = "181101",
    year = "2021"
}

@article{LIGOScientific:2016aoc,
    author = "Abbott, B. P. and others",
    collaboration = "LIGO Scientific, Virgo",
    title = "{Observation of Gravitational Waves from a Binary Black Hole Merger}",
    eprint = "1602.03837",
    archivePrefix = "arXiv",
    primaryClass = "gr-qc",
    reportNumber = "LIGO-P150914",
    doi = "10.1103/PhysRevLett.116.061102",
    journal = "Phys. Rev. Lett.",
    volume = "116",
    number = "6",
    pages = "061102",
    year = "2016"
}

@misc{LIGOScientific:2021djp,
    author = "Abbott, R. and others",
    collaboration = "LIGO Scientific, VIRGO, KAGRA",
    title = "{GWTC-3: Compact Binary Coalescences Observed by LIGO and Virgo During the Second Part of the Third Observing Run}",
    eprint = "2111.03606",
    archivePrefix = "arXiv",
    primaryClass = "gr-qc",
    reportNumber = "LIGO-P2000318",
    month = "11",
    year = "2021"
}

@article{Cano:2021myl,
    author = "Cano, Pablo A. and Fransen, Kwinten and Hertog, Thomas and Maenaut, Simon",
    title = "{Gravitational ringing of rotating black holes in higher-derivative gravity}",
    eprint = "2110.11378",
    archivePrefix = "arXiv",
    primaryClass = "gr-qc",
    doi = "10.1103/PhysRevD.105.024064",
    journal = "Phys. Rev. D",
    volume = "105",
    number = "2",
    pages = "024064",
    year = "2022"
}

@article{Pierini:2021jxd,
    author = "Pierini, Lorenzo and Gualtieri, Leonardo",
    title = "{Quasi-normal modes of rotating black holes in Einstein-dilaton Gauss-Bonnet gravity: the first order in rotation}",
    eprint = "2103.09870",
    archivePrefix = "arXiv",
    primaryClass = "gr-qc",
    doi = "10.1103/PhysRevD.103.124017",
    journal = "Phys. Rev. D",
    volume = "103",
    pages = "124017",
    year = "2021"
}

@article{Berti:2016lat,
    author = "Berti, Emanuele and Sesana, Alberto and Barausse, Enrico and Cardoso, Vitor and Belczynski, Krzysztof",
    title = "{Spectroscopy of Kerr black holes with Earth- and space-based interferometers}",
    eprint = "1605.09286",
    archivePrefix = "arXiv",
    primaryClass = "gr-qc",
    doi = "10.1103/PhysRevLett.117.101102",
    journal = "Phys. Rev. Lett.",
    volume = "117",
    number = "10",
    pages = "101102",
    year = "2016"
}

@article{Abbott:2020qfu,
    author = "Abbott, B. P. and others",
    collaboration = "KAGRA, LIGO Scientific, Virgo",
    title = "{Prospects for observing and localizing gravitational-wave transients with Advanced LIGO, Advanced Virgo and KAGRA}",
    doi = "10.1007/s41114-020-00026-9",
    journal = "Living Rev. Rel.",
    volume = "23",
    number = "1",
    pages = "3",
    year = "2020"
}

@article{TheLIGOScientific:2014jea,
    author = "Aasi, J. and others",
    collaboration = "LIGO Scientific",
    title = "{Advanced LIGO}",
    eprint = "1411.4547",
    archivePrefix = "arXiv",
    primaryClass = "gr-qc",
    doi = "10.1088/0264-9381/32/7/074001",
    journal = "Class. Quant. Grav.",
    volume = "32",
    pages = "074001",
    year = "2015"
}

@article{Speagle_2020,
   title={dynesty: a dynamic nested sampling package for estimating Bayesian posteriors and evidences},
   volume={493},
   ISSN={1365-2966},
   url={http://dx.doi.org/10.1093/mnras/staa278},
   DOI={10.1093/mnras/staa278},
   number={3},
   journal={Monthly Notices of the Royal Astronomical Society},
   publisher={Oxford University Press (OUP)},
   author={Speagle, Joshua S},
   year={2020},
   month={Feb},
   pages={3132–3158}
}

@article{Yang:2017zxs,
    author = "Yang, Huan and Yagi, Kent and Blackman, Jonathan and Lehner, Luis and Paschalidis, Vasileios and Pretorius, Frans and Yunes, Nicol\'as",
    title = "{Black hole spectroscopy with coherent mode stacking}",
    eprint = "1701.05808",
    archivePrefix = "arXiv",
    primaryClass = "gr-qc",
    doi = "10.1103/PhysRevLett.118.161101",
    journal = "Phys. Rev. Lett.",
    volume = "118",
    number = "16",
    pages = "161101",
    year = "2017"
}

@misc{Wagle:2021tam,
    author = "Wagle, Pratik K. and Yunes, Nicol\'as and Silva, Hector O.",
    title = "{Quasinormal modes of slowly-rotating black holes in dynamical Chern-Simons gravity}",
    eprint = "2103.09913",
    archivePrefix = "arXiv",
    primaryClass = "gr-qc",
    month = "3",
    year = "2021"
}
@article{Carullo:2021yxh,
    author = "Carullo, Gregorio and Laghi, Danny and Veitch, John and Del Pozzo, Walter",
    title = "{The Bekenstein-Hod universal bound on information emission rate is obeyed by LIGO-Virgo binary black hole remnants}",
    eprint = "2103.06167",
    archivePrefix = "arXiv",
    primaryClass = "gr-qc",
    month = "3",
    year = "2021"
}
@article{Press:1971wr,
    author = "Press, William H.",
    title = "{Long Wave Trains of Gravitational Waves from a Vibrating Black Hole}",
    reportNumber = "OAP-262",
    doi = "10.1086/180849",
    journal = "Astrophys. J. Lett.",
    volume = "170",
    pages = "L105--L108",
    year = "1971"
}
@article{Campanelli:2005dd,
    author = "Campanelli, Manuela and Lousto, C. O. and Marronetti, P. and Zlochower, Y.",
    title = "{Accurate evolutions of orbiting black-hole binaries without excision}",
    eprint = "gr-qc/0511048",
    archivePrefix = "arXiv",
    doi = "10.1103/PhysRevLett.96.111101",
    journal = "Phys. Rev. Lett.",
    volume = "96",
    pages = "111101",
    year = "2006"
}
@article{Baker:2005vv,
    author = "Baker, John G. and Centrella, Joan and Choi, Dae-Il and Koppitz, Michael and van Meter, James",
    title = "{Gravitational wave extraction from an inspiraling configuration of merging black holes}",
    eprint = "gr-qc/0511103",
    archivePrefix = "arXiv",
    doi = "10.1103/PhysRevLett.96.111102",
    journal = "Phys. Rev. Lett.",
    volume = "96",
    pages = "111102",
    year = "2006"
}

@article{Blanchet:2013haa,
    author = "Blanchet, Luc",
    title = "{Gravitational Radiation from Post-Newtonian Sources and Inspiralling Compact Binaries}",
    eprint = "1310.1528",
    archivePrefix = "arXiv",
    primaryClass = "gr-qc",
    doi = "10.12942/lrr-2014-2",
    journal = "Living Rev. Rel.",
    volume = "17",
    pages = "2",
    year = "2014"
}

@article{Pretorius:2005gq,
    author = "Pretorius, Frans",
    title = "{Evolution of binary black hole spacetimes}",
    eprint = "gr-qc/0507014",
    archivePrefix = "arXiv",
    doi = "10.1103/PhysRevLett.95.121101",
    journal = "Phys. Rev. Lett.",
    volume = "95",
    pages = "121101",
    year = "2005"
}

@article{Buonanno:1998gg,
    author = "Buonanno, A. and Damour, T.",
    title = "{Effective one-body approach to general relativistic two-body dynamics}",
    eprint = "gr-qc/9811091",
    archivePrefix = "arXiv",
    reportNumber = "IHES-P-98-74",
    doi = "10.1103/PhysRevD.59.084006",
    journal = "Phys. Rev. D",
    volume = "59",
    pages = "084006",
    year = "1999"
}
@article{Buonanno:2000ef,
    author = "Buonanno, Alessandra and Damour, Thibault",
    title = "{Transition from inspiral to plunge in binary black hole coalescences}",
    eprint = "gr-qc/0001013",
    archivePrefix = "arXiv",
    reportNumber = "IHES-P-99-90, GRP-99-521",
    doi = "10.1103/PhysRevD.62.064015",
    journal = "Phys. Rev. D",
    volume = "62",
    pages = "064015",
    year = "2000"
}
@article{Teukolsky:1973ha,
    author = "Teukolsky, Saul A.",
    title = "{Perturbations of a rotating black hole. 1. Fundamental equations for gravitational electromagnetic and neutrino field perturbations}",
    doi = "10.1086/152444",
    journal = "Astrophys. J.",
    volume = "185",
    pages = "635--647",
    year = "1973"
}
@article{Press:1973zz,
    author = "Press, William H. and Teukolsky, Saul A.",
    title = "{Perturbations of a Rotating Black Hole. II. Dynamical Stability of the Kerr Metric}",
    doi = "10.1086/152445",
    journal = "Astrophys. J.",
    volume = "185",
    pages = "649--674",
    year = "1973"
}
@article{Vishveshwara:1970zz,
    author = "Vishveshwara, C. V.",
    title = "{Scattering of Gravitational Radiation by a Schwarzschild Black-hole}",
    doi = "10.1038/227936a0",
    journal = "Nature",
    volume = "227",
    pages = "936--938",
    year = "1970"
}
@article{Chandrasekhar:1975zza,
    author = "Chandrasekhar, S. and Detweiler, Steven L.",
    title = "{The quasi-normal modes of the Schwarzschild black hole}",
    doi = "10.1098/rspa.1975.0112",
    journal = "Proc. Roy. Soc. Lond. A",
    volume = "344",
    pages = "441--452",
    year = "1975"
}
@article{Kokkotas:1999bd,
    author = "Kokkotas, Kostas D. and Schmidt, Bernd G.",
    title = "{Quasinormal modes of stars and black holes}",
    eprint = "gr-qc/9909058",
    archivePrefix = "arXiv",
    doi = "10.12942/lrr-1999-2",
    journal = "Living Rev. Rel.",
    volume = "2",
    pages = "2",
    year = "1999"
}
@article{Agathos:2013upa,
    author = "Agathos, Michalis and Del Pozzo, Walter and Li, Tjonnie G. F. and Van Den Broeck, Chris and Veitch, John and Vitale, Salvatore",
    title = "{TIGER: A data analysis pipeline for testing the strong-field dynamics of general relativity with gravitational wave signals from coalescing compact binaries}",
    eprint = "1311.0420",
    archivePrefix = "arXiv",
    primaryClass = "gr-qc",
    doi = "10.1103/PhysRevD.89.082001",
    journal = "Phys. Rev. D",
    volume = "89",
    number = "8",
    pages = "082001",
    year = "2014"
}

@article{Hansen:1974zz,
    author = "Hansen, R. O.",
    title = "{Multipole moments of stationary space-times}",
    doi = "10.1063/1.1666501",
    journal = "J. Math. Phys.",
    volume = "15",
    pages = "46--52",
    year = "1974"
}

@article{Carter:1971zc,
    author = "Carter, B.",
    title = "{Axisymmetric Black Hole Has Only Two Degrees of Freedom}",
    doi = "10.1103/PhysRevLett.26.331",
    journal = "Phys. Rev. Lett.",
    volume = "26",
    pages = "331--333",
    year = "1971"
}
@article{Israel:1967wq,
    author = "Israel, Werner",
    title = "{Event horizons in static vacuum space-times}",
    doi = "10.1103/PhysRev.164.1776",
    journal = "Phys. Rev.",
    volume = "164",
    pages = "1776--1779",
    year = "1967"
}
@article{Hawking:1971vc,
    author = "Hawking, S. W.",
    title = "{Black holes in general relativity}",
    doi = "10.1007/BF01877517",
    journal = "Commun. Math. Phys.",
    volume = "25",
    pages = "152--166",
    year = "1972"
}
@article{Robinson:1975bv,
    author = "Robinson, D. C.",
    title = "{Uniqueness of the Kerr black hole}",
    doi = "10.1103/PhysRevLett.34.905",
    journal = "Phys. Rev. Lett.",
    volume = "34",
    pages = "905--906",
    year = "1975"
}
@article{Mazur:1982db,
    author = "Mazur, P. O.",
    title = "{PROOF OF UNIQUENESS OF THE KERR-NEWMAN BLACK HOLE SOLUTION}",
    doi = "10.1088/0305-4470/15/10/021",
    journal = "J. Phys. A",
    volume = "15",
    pages = "3173--3180",
    year = "1982"
}
@article{Arun:2006yw,
    author = "Arun, K. G. and Iyer, Bala R. and Qusailah, M. S. S. and Sathyaprakash, B. S.",
    title = "{Testing post-Newtonian theory with gravitational wave observations}",
    eprint = "gr-qc/0604018",
    archivePrefix = "arXiv",
    doi = "10.1088/0264-9381/23/9/L01",
    journal = "Class. Quant. Grav.",
    volume = "23",
    pages = "L37--L43",
    year = "2006"
}

@article{Arun:2006hn,
    author = "Arun, K. G. and Iyer, Bala R. and Qusailah, M. S. S. and Sathyaprakash, B. S.",
    title = "{Probing the non-linear structure of general relativity with black hole binaries}",
    eprint = "gr-qc/0604067",
    archivePrefix = "arXiv",
    doi = "10.1103/PhysRevD.74.024006",
    journal = "Phys. Rev. D",
    volume = "74",
    pages = "024006",
    year = "2006"
}

@article{VanDenBroeck:2006qu,
    author = "Van Den Broeck, Chris and Sengupta, Anand S.",
    title = "{Phenomenology of amplitude-corrected post-Newtonian gravitational waveforms for compact binary inspiral. I. Signal-to-noise ratios}",
    eprint = "gr-qc/0607092",
    archivePrefix = "arXiv",
    doi = "10.1088/0264-9381/24/1/009",
    journal = "Class. Quant. Grav.",
    volume = "24",
    pages = "155--176",
    year = "2007"
}

@article{VanDenBroeck:2006ar,
    author = "Van Den Broeck, Chris and Sengupta, Anand S.",
    title = "{Binary black hole spectroscopy}",
    eprint = "gr-qc/0610126",
    archivePrefix = "arXiv",
    doi = "10.1088/0264-9381/24/5/005",
    journal = "Class. Quant. Grav.",
    volume = "24",
    pages = "1089--1114",
    year = "2007"
}

@article{Abbott:2020jks,
    author = "Abbott, R. and others",
    collaboration = "LIGO Scientific, Virgo",
    title = "{Tests of General Relativity with Binary Black Holes from the second LIGO-Virgo Gravitational-Wave Transient Catalog}",
    eprint = "2010.14529",
    archivePrefix = "arXiv",
    primaryClass = "gr-qc",
    reportNumber = "LIGO-P2000091",
    month = "10",
    year = "2020"
}

@article{Vishveshwara:1970cc,
    author = "Vishveshwara, C. V.",
    title = "{Stability of the schwarzschild metric}",
    doi = "10.1103/PhysRevD.1.2870",
    journal = "Phys. Rev. D",
    volume = "1",
    pages = "2870--2879",
    year = "1970"
}

@article{stan,
   author = {Bob Carpenter and Andrew Gelman and Matthew D. Hoffman and Daniel Lee and Ben Goodrich and Michael Betancourt and Marcus Brubaker and Jiqiang Guo and Peter Li and Allen Riddell},
   title = {Stan: A Probabilistic Programming Language},
   journal = {Journal of Statistical Software, Articles},
   volume = {76},
   number = {1},
   year = {2017},
   issn = {1548-7660},
   pages = {1--32},
   doi = {10.18637/jss.v076.i01},
}
@article{Isi:2019asy,
    author = "Isi, Maximiliano and Chatziioannou, Katerina and Farr, Will M.",
    title = "{Hierarchical test of general relativity with gravitational waves}",
    eprint = "1904.08011",
    archivePrefix = "arXiv",
    primaryClass = "gr-qc",
    reportNumber = "LIGO-P1900109",
    doi = "10.1103/PhysRevLett.123.121101",
    journal = "Phys. Rev. Lett.",
    volume = "123",
    number = "12",
    pages = "121101",
    year = "2019"
}
@article{Zimmerman:2019wzo,
    author = "Zimmerman, Aaron and Haster, Carl-Johan and Chatziioannou, Katerina",
    title = "{On combining information from multiple gravitational wave sources}",
    eprint = "1903.11008",
    archivePrefix = "arXiv",
    primaryClass = "astro-ph.IM",
    doi = "10.1103/PhysRevD.99.124044",
    journal = "Phys. Rev. D",
    volume = "99",
    number = "12",
    pages = "124044",
    year = "2019"
}
@article{Mroue:2013xna,
    author = "Mroue, Abdul H. and others",
    title = "{Catalog of 174 Binary Black Hole Simulations for Gravitational Wave Astronomy}",
    eprint = "1304.6077",
    archivePrefix = "arXiv",
    primaryClass = "gr-qc",
    doi = "10.1103/PhysRevLett.111.241104",
    journal = "Phys. Rev. Lett.",
    volume = "111",
    number = "24",
    pages = "241104",
    year = "2013"
}

@article{Abbott:2016blz,
    author = "Abbott, B. P. and others",
    collaboration = "LIGO Scientific, Virgo",
    title = "{Observation of Gravitational Waves from a Binary Black Hole Merger}",
    eprint = "1602.03837",
    archivePrefix = "arXiv",
    primaryClass = "gr-qc",
    reportNumber = "LIGO-P150914",
    doi = "10.1103/PhysRevLett.116.061102",
    journal = "Phys. Rev. Lett.",
    volume = "116",
    number = "6",
    pages = "061102",
    year = "2016"
}

@article{TheVirgo:2014hva,
    author = "Acernese, F. and others",
    collaboration = "VIRGO",
    title = "{Advanced Virgo: a second-generation interferometric gravitational wave detector}",
    eprint = "1408.3978",
    archivePrefix = "arXiv",
    primaryClass = "gr-qc",
    doi = "10.1088/0264-9381/32/2/024001",
    journal = "Class. Quant. Grav.",
    volume = "32",
    number = "2",
    pages = "024001",
    year = "2015"
}

@TechReport{AdvLIGOPSD,
  author =       {Shoemaker, D. H.},
  title =        {Advanced {LIGO} anticipated sensitivity curves},
  institution =  {},
  year =         2010,
  number =       {LIGO-T1800044},
  note =         {\url{https://dcc.ligo.org/LIGO-T1800044/public}}}

@article{Ashton:2018jfp,
    author = "Ashton, Gregory and others",
    title = "{BILBY: A user-friendly Bayesian inference library for gravitational-wave astronomy}",
    eprint = "1811.02042",
    archivePrefix = "arXiv",
    primaryClass = "astro-ph.IM",
    doi = "10.3847/1538-4365/ab06fc",
    journal = "Astrophys. J. Suppl.",
    volume = "241",
    number = "2",
    pages = "27",
    year = "2019"
}
@article{Smith:2019ucc,
    author = "Smith, Rory J. E. and Ashton, Gregory and Vajpeyi, Avi and Talbot, Colm",
    title = "{Massively parallel Bayesian inference for transient gravitational-wave astronomy}",
    eprint = "1909.11873",
    archivePrefix = "arXiv",
    primaryClass = "gr-qc",
    reportNumber = "LIGO Document P1900255-v1",
    doi = "10.1093/mnras/staa2483",
    journal = "Mon. Not. Roy. Astron. Soc.",
    volume = "498",
    number = "3",
    pages = "4492--4502",
    year = "2020"
}
@article{Veitch:2014wba,
    author = "Veitch, J. and others",
    title = "{Parameter estimation for compact binaries with ground-based gravitational-wave observations using the LALInference software library}",
    eprint = "1409.7215",
    archivePrefix = "arXiv",
    primaryClass = "gr-qc",
    reportNumber = "LIGO-P1400152",
    doi = "10.1103/PhysRevD.91.042003",
    journal = "Phys. Rev. D",
    volume = "91",
    number = "4",
    pages = "042003",
    year = "2015"
}
@article{Skilling:2006gxv,
    author = "Skilling, John",
    title = "{Nested sampling for general Bayesian computation}",
    doi = "10.1214/06-BA127",
    journal = "Bayesian Analysis",
    volume = "1",
    number = "4",
    pages = "833--859",
    year = "2006"
}
@article{Hastings:1970aa,
    author = "Hastings, W. K.",
    title = "{Monte Carlo Sampling Methods Using Markov Chains and Their Applications}",
    doi = "10.1093/biomet/57.1.97",
    journal = "Biometrika",
    volume = "57",
    pages = "97--109",
    year = "1970"
}
@article{Metropolis:1953am,
    author = "Metropolis, N. and Rosenbluth, A. W. and Rosenbluth, M. N. and Teller, A. H. and Teller, E.",
    title = "{Equation of state calculations by fast computing machines}",
    doi = "10.1063/1.1699114",
    journal = "J. Chem. Phys.",
    volume = "21",
    pages = "1087--1092",
    year = "1953"
}
@article{Abbott:2020niy,
    author = "Abbott, R. and others",
    collaboration = "LIGO Scientific, Virgo",
    title = "{GWTC-2: Compact Binary Coalescences Observed by LIGO and Virgo During the First Half of the Third Observing Run}",
    eprint = "2010.14527",
    archivePrefix = "arXiv",
    primaryClass = "gr-qc",
    reportNumber = "P2000061",
    month = "10",
    year = "2020"
}
@article{LIGOScientific:2018mvr,
    author = "Abbott, B. P. and others",
    collaboration = "LIGO Scientific, Virgo",
    title = "{GWTC-1: A Gravitational-Wave Transient Catalog of Compact Binary Mergers Observed by LIGO and Virgo during the First and Second Observing Runs}",
    eprint = "1811.12907",
    archivePrefix = "arXiv",
    primaryClass = "astro-ph.HE",
    reportNumber = "LIGO-P1800307",
    doi = "10.1103/PhysRevX.9.031040",
    journal = "Phys. Rev. X",
    volume = "9",
    number = "3",
    pages = "031040",
    year = "2019"
}
@article{Abbott:2020tfl,
    author = "Abbott, R. and others",
    collaboration = "LIGO Scientific, Virgo",
    title = "{GW190521: A Binary Black Hole Merger with a Total Mass of $150  M_{\odot}$}",
    eprint = "2009.01075",
    archivePrefix = "arXiv",
    primaryClass = "gr-qc",
    doi = "10.1103/PhysRevLett.125.101102",
    journal = "Phys. Rev. Lett.",
    volume = "125",
    number = "10",
    pages = "101102",
    year = "2020"
}
@article{Abbott:2020mjq,
    author = "Abbott, R. and others",
    collaboration = "LIGO Scientific, Virgo",
    title = "{Properties and Astrophysical Implications of the 150 M$_\odot$ Binary Black Hole Merger GW190521}",
    eprint = "2009.01190",
    archivePrefix = "arXiv",
    primaryClass = "astro-ph.HE",
    reportNumber = "LIGO-P2000021",
    doi = "10.3847/2041-8213/aba493",
    journal = "Astrophys. J. Lett.",
    volume = "900",
    number = "1",
    pages = "L13",
    year = "2020"
}
@article{Brito:2018rfr,
    author = "Brito, Richard and Buonanno, Alessandra and Raymond, Vivien",
    title = "{Black-hole Spectroscopy by Making Full Use of Gravitational-Wave Modeling}",
    eprint = "1805.00293",
    archivePrefix = "arXiv",
    primaryClass = "gr-qc",
    doi = "10.1103/PhysRevD.98.084038",
    journal = "Phys. Rev. D",
    volume = "98",
    number = "8",
    pages = "084038",
    year = "2018"
}
@article{Berti:2009kk,
    author = "Berti, Emanuele and Cardoso, Vitor and Starinets, Andrei O.",
    title = "{Quasinormal modes of black holes and black branes}",
    eprint = "0905.2975",
    archivePrefix = "arXiv",
    primaryClass = "gr-qc",
    doi = "10.1088/0264-9381/26/16/163001",
    journal = "Class. Quant. Grav.",
    volume = "26",
    pages = "163001",
    year = "2009"
}
@article{Berti:2005ys,
    author = "Berti, Emanuele and Cardoso, Vitor and Will, Clifford M.",
    title = "{On gravitational-wave spectroscopy of massive black holes with the space interferometer LISA}",
    eprint = "gr-qc/0512160",
    archivePrefix = "arXiv",
    doi = "10.1103/PhysRevD.73.064030",
    journal = "Phys. Rev. D",
    volume = "73",
    pages = "064030",
    year = "2006"
}
@article{Hofmann:2016yih,
    author = "Hofmann, Fabian and Barausse, Enrico and Rezzolla, Luciano",
    title = "{The final spin from binary black holes in quasi-circular orbits}",
    eprint = "1605.01938",
    archivePrefix = "arXiv",
    primaryClass = "gr-qc",
    doi = "10.3847/2041-8205/825/2/L19",
    journal = "Astrophys. J. Lett.",
    volume = "825",
    number = "2",
    pages = "L19",
    year = "2016"
}
@article{Taracchini:2013rva,
    author = "Taracchini, Andrea and others",
    title = "{Effective-one-body model for black-hole binaries with generic mass ratios and spins}",
    eprint = "1311.2544",
    archivePrefix = "arXiv",
    primaryClass = "gr-qc",
    doi = "10.1103/PhysRevD.89.061502",
    journal = "Phys. Rev. D",
    volume = "89",
    number = "6",
    pages = "061502",
    year = "2014"
}
@article{Cotesta:2018fcv,
    author = "Cotesta, Roberto and Buonanno, Alessandra and Boh\'e, Alejandro and Taracchini, Andrea and Hinder, Ian and Ossokine, Serguei",
    title = "{Enriching the Symphony of Gravitational Waves from Binary Black Holes by Tuning Higher Harmonics}",
    eprint = "1803.10701",
    archivePrefix = "arXiv",
    primaryClass = "gr-qc",
    doi = "10.1103/PhysRevD.98.084028",
    journal = "Phys. Rev. D",
    volume = "98",
    number = "8",
    pages = "084028",
    year = "2018"
}

@article{Bhagwat:2019bwv,
    author = "Bhagwat, Swetha and Cabero, Miriam and Capano, Collin D. and Krishnan, Badri and Brown, Duncan A.",
    title = "{Detectability of the subdominant mode in a binary black hole ringdown}",
    eprint = "1910.13203",
    archivePrefix = "arXiv",
    primaryClass = "gr-qc",
    doi = "10.1103/PhysRevD.102.024023",
    journal = "Phys. Rev. D",
    volume = "102",
    number = "2",
    pages = "024023",
    year = "2020"
}


@article{Forteza:2020hbw,
    author = "Forteza, Xisco Jiménez and Bhagwat, Swetha and Pani, Paolo and Ferrari, Valeria",
    title = "{On the spectroscopy of binary black hole ringdown using overtones and angular modes}",
    eprint = "2005.03260",
    archivePrefix = "arXiv",
    primaryClass = "gr-qc",
    month = "5",
    year = "2020"
}

@article{Bhagwat:2017tkm,
    author = "Bhagwat, Swetha and Okounkova, Maria and Ballmer, Stefan W. and Brown, Duncan A. and Giesler, Matthew and Scheel, Mark A. and Teukolsky, Saul A.",
    title = "{On choosing the start time of binary black hole ringdowns}",
    eprint = "1711.00926",
    archivePrefix = "arXiv",
    primaryClass = "gr-qc",
    doi = "10.1103/PhysRevD.97.104065",
    journal = "Phys. Rev. D",
    volume = "97",
    number = "10",
    pages = "104065",
    year = "2018"
}
@article{Testa:2018bzd,
    author = "Testa, Adriano and Pani, Paolo",
    title = "{Analytical template for gravitational-wave echoes: signal characterization and prospects of detection with current and future interferometers}",
    eprint = "1806.04253",
    archivePrefix = "arXiv",
    primaryClass = "gr-qc",
    doi = "10.1103/PhysRevD.98.044018",
    journal = "Phys. Rev. D",
    volume = "98",
    number = "4",
    pages = "044018",
    year = "2018"
}

@article{Abedi:2020sgg,
    author = "Abedi, Jahed and Afshordi, Niayesh",
    title = "{Echoes from the Abyss: A Status Update}",
    eprint = "2001.00821",
    archivePrefix = "arXiv",
    primaryClass = "gr-qc",
    month = "1",
    year = "2020"
}

@article{Abedi:2018npz,
    author = "Abedi, Jahed and Afshordi, Niayesh",
    title = "{Echoes from the Abyss: A highly spinning black hole remnant for the binary neutron star merger GW170817}",
    eprint = "1803.10454",
    archivePrefix = "arXiv",
    primaryClass = "gr-qc",
    doi = "10.1088/1475-7516/2019/11/010",
    journal = "JCAP",
    volume = "11",
    pages = "010",
    year = "2019"
}

@article{Lo:2018sep,
    author = "Lo, R.K.L. and Li, T.G.F. and Weinstein, A.J.",
    title = "{Template-based Gravitational-Wave Echoes Search Using Bayesian Model Selection}",
    eprint = "1811.07431",
    archivePrefix = "arXiv",
    primaryClass = "gr-qc",
    doi = "10.1103/PhysRevD.99.084052",
    journal = "Phys. Rev. D",
    volume = "99",
    number = "8",
    pages = "084052",
    year = "2019"
}

@article{Tsang:2019zra,
    author = "Tsang, Ka Wa and Ghosh, Archisman and Samajdar, Anuradha and Chatziioannou, Katerina and Mastrogiovanni, Simone and Agathos, Michalis and Van Den Broeck, Chris",
    title = "{A morphology-independent search for gravitational wave echoes in data from the first and second observing runs of Advanced LIGO and Advanced Virgo}",
    eprint = "1906.11168",
    archivePrefix = "arXiv",
    primaryClass = "gr-qc",
    doi = "10.1103/PhysRevD.101.064012",
    journal = "Phys. Rev. D",
    volume = "101",
    number = "6",
    pages = "064012",
    year = "2020"
}

@article{Nielsen:2018lkf,
    author = "Nielsen, Alex B. and Capano, Collin D. and Birnholtz, Ofek and Westerweck, Julian",
    title = "{Parameter estimation and statistical significance of echoes following black hole signals in the first Advanced LIGO observing run}",
    eprint = "1811.04904",
    archivePrefix = "arXiv",
    primaryClass = "gr-qc",
    doi = "10.1103/PhysRevD.99.104012",
    journal = "Phys. Rev. D",
    volume = "99",
    number = "10",
    pages = "104012",
    year = "2019"
}

@article{Cabero:2017avf,
    author = "Cabero, Miriam and Capano, Collin D. and Fischer-Birnholtz, Ofek and Krishnan, Badri and Nielsen, Alex B. and Nitz, Alexander H. and Biwer, Christopher M.",
    title = "{Observational tests of the black hole area increase law}",
    eprint = "1711.09073",
    archivePrefix = "arXiv",
    primaryClass = "gr-qc",
    doi = "10.1103/PhysRevD.97.124069",
    journal = "Phys. Rev. D",
    volume = "97",
    number = "12",
    pages = "124069",
    year = "2018"
}

@article{Carullo:2018gah,
    author = "Carullo, Gregorio and Riemenschneider, Gunnar and Tsang, Ka Wa and Nagar, Alessandro and Del Pozzo, Walter",
    title = "{GW150914 peak frequency: a novel consistency test of strong-field General Relativity}",
    eprint = "1811.08744",
    archivePrefix = "arXiv",
    primaryClass = "gr-qc",
    doi = "10.1088/1361-6382/ab185e",
    journal = "Class. Quant. Grav.",
    volume = "36",
    number = "10",
    pages = "105009",
    year = "2019"
}

@article{Carullo:2019flw,
    author = "Carullo, Gregorio and Del Pozzo, Walter and Veitch, John",
    title = "{Observational Black Hole Spectroscopy: A time-domain multimode analysis of GW150914}",
    eprint = "1902.07527",
    archivePrefix = "arXiv",
    primaryClass = "gr-qc",
    doi = "10.1103/PhysRevD.99.123029",
    journal = "Phys. Rev. D",
    volume = "99",
    number = "12",
    pages = "123029",
    year = "2019",
    note = "[Erratum: Phys.Rev.D 100, 089903 (2019)]"
}

@article{Giesler:2019uxc,
    author = "Giesler, Matthew and Isi, Maximiliano and Scheel, Mark A. and Teukolsky, Saul",
    title = "{Black Hole Ringdown: The Importance of Overtones}",
    eprint = "1903.08284",
    archivePrefix = "arXiv",
    primaryClass = "gr-qc",
    doi = "10.1103/PhysRevX.9.041060",
    journal = "Phys. Rev. X",
    volume = "9",
    number = "4",
    pages = "041060",
    year = "2019"
}

@article{Isi:2019aib,
    author = "Isi, Maximiliano and Giesler, Matthew and Farr, Will M. and Scheel, Mark A. and Teukolsky, Saul A.",
    title = "{Testing the no-hair theorem with GW150914}",
    eprint = "1905.00869",
    archivePrefix = "arXiv",
    primaryClass = "gr-qc",
    reportNumber = "LIGO-P1900135",
    doi = "10.1103/PhysRevLett.123.111102",
    journal = "Phys. Rev. Lett.",
    volume = "123",
    number = "11",
    pages = "111102",
    year = "2019"
}

@article{Bhagwat:2019dtm,
    author = "Bhagwat, Swetha and Forteza, Xisco Jimenez and Pani, Paolo and Ferrari, Valeria",
    title = "{Ringdown overtones, black hole spectroscopy, and no-hair theorem tests}",
    eprint = "1910.08708",
    archivePrefix = "arXiv",
    primaryClass = "gr-qc",
    doi = "10.1103/PhysRevD.101.044033",
    journal = "Phys. Rev. D",
    volume = "101",
    number = "4",
    pages = "044033",
    year = "2020"
}

@article{Ghonge:2020suv,
    author = "Ghonge, Sudarshan and Chatziioannou, Katerina and Clark, James A. and Littenberg, Tyson and Millhouse, Margaret and Cadonati, Laura and Cornish, Neil",
    title = "{Reconstructing gravitational wave signals from binary black hole mergers with minimal assumptions}",
    eprint = "2003.09456",
    archivePrefix = "arXiv",
    primaryClass = "gr-qc",
    month = "3",
    year = "2020"
}

@article{Ghosh:2017gfp,
    author = "Ghosh, Abhirup and Johnson-Mcdaniel, Nathan K. and Ghosh, Archisman and Mishra, Chandra Kant and Ajith, Parameswaran and Del Pozzo, Walter and Berry, Christopher P.L. and Nielsen, Alex B. and London, Lionel",
    title = "{Testing general relativity using gravitational wave signals from the inspiral, merger and ringdown of binary black holes}",
    eprint = "1704.06784",
    archivePrefix = "arXiv",
    primaryClass = "gr-qc",
    reportNumber = "LIGO-P1700006, ICTS-2017-3",
    doi = "10.1088/1361-6382/aa972e",
    journal = "Class. Quant. Grav.",
    volume = "35",
    number = "1",
    pages = "014002",
    year = "2018"
}

@article{Ghosh:2016xx,
      oldkey         = "Ghosh:2016qgn",
      author         = "Ghosh, Abhirup and others",
      title          = "{Testing general relativity using golden black-hole
                        binaries}",
      journal        = "Phys. Rev. D",
      volume         = "94",
      year           = "2016",
      number         = "2",
      pages          = "021101(R)",
      doi            = "10.1103/PhysRevD.94.021101",
      eprint         = "1602.02453",
      archivePrefix  = "arXiv",
      primaryClass   = "gr-qc",
      reportNumber   = "LIGO-P1500185-V10, ICTS-2016-1",
      SLACcitation   = "%%CITATION = ARXIV:1602.02453;%%"
}

@article{Isi:2017fbj,
    author = "Isi, Maximiliano and Weinstein, Alan J.",
    title = "{Probing gravitational wave polarizations with signals from compact binary coalescences}",
    eprint = "1710.03794",
    archivePrefix = "arXiv",
    primaryClass = "gr-qc",
    reportNumber = "LIGO-P1700276",
    month = "10",
    year = "2017"
}

@article{Samajdar:2017mka,
    author = "Samajdar, Anuradha and Arun, K. G.",
    title = "{Projected constraints on the dispersion of gravitational waves using advanced ground- and space-based interferometers}",
    eprint = "1708.00671",
    archivePrefix = "arXiv",
    primaryClass = "gr-qc",
    doi = "10.1103/PhysRevD.96.104027",
    journal = "Phys. Rev. D",
    volume = "96",
    number = "10",
    pages = "104027",
    year = "2017"
}

@article{Abbott:2017vtc,
    author = "Abbott, Benjamin P. and others",
    collaboration = "LIGO Scientific, VIRGO",
    title = "{GW170104: Observation of a 50-Solar-Mass Binary Black Hole Coalescence at Redshift 0.2}",
    eprint = "1706.01812",
    archivePrefix = "arXiv",
    primaryClass = "gr-qc",
    reportNumber = "LIGO-P170104",
    doi = "10.1103/PhysRevLett.118.221101",
    journal = "Phys. Rev. Lett.",
    volume = "118",
    number = "22",
    pages = "221101",
    year = "2017",
    note = "[Erratum: Phys.Rev.Lett. 121, 129901 (2018)]"
}

@article{Abbott:2017oio,
    author = "Abbott, B. P. and others",
    collaboration = "LIGO Scientific, Virgo",
    title = "{GW170814: A Three-Detector Observation of Gravitational Waves from a Binary Black Hole Coalescence}",
    eprint = "1709.09660",
    archivePrefix = "arXiv",
    primaryClass = "gr-qc",
    doi = "10.1103/PhysRevLett.119.141101",
    journal = "Phys. Rev. Lett.",
    volume = "119",
    number = "14",
    pages = "141101",
    year = "2017"
}

@article{GBM:2017lvd,
    author = "Abbott, B. P. and others",
    collaboration = "LIGO Scientific, Virgo, Fermi GBM, INTEGRAL, IceCube, AstroSat Cadmium Zinc Telluride Imager Team, IPN, Insight-Hxmt, ANTARES, Swift, AGILE Team, 1M2H Team, Dark Energy Camera GW-EM, DES, DLT40, GRAWITA, Fermi-LAT, ATCA, ASKAP, Las Cumbres Observatory Group, OzGrav, DWF (Deeper Wider Faster Program), AST3, CAASTRO, VINROUGE, MASTER, J-GEM, GROWTH, JAGWAR, CaltechNRAO, TTU-NRAO, NuSTAR, Pan-STARRS, MAXI Team, TZAC Consortium, KU, Nordic Optical Telescope, ePESSTO, GROND, Texas Tech University, SALT Group, TOROS, BOOTES, MWA, CALET, IKI-GW Follow-up, H.E.S.S., LOFAR, LWA, HAWC, Pierre Auger, ALMA, Euro VLBI Team, Pi of Sky, Chandra Team at McGill University, DFN, ATLAS Telescopes, High Time Resolution Universe Survey, RIMAS, RATIR, SKA South Africa/MeerKAT",
    title = "{Multi-messenger Observations of a Binary Neutron Star Merger}",
    eprint = "1710.05833",
    archivePrefix = "arXiv",
    primaryClass = "astro-ph.HE",
    reportNumber = "LIGO-P1700294, VIR-0802A-17, FERMILAB-PUB-17-478-A-AE-CD",
    doi = "10.3847/2041-8213/aa91c9",
    journal = "Astrophys. J. Lett.",
    volume = "848",
    number = "2",
    pages = "L12",
    year = "2017"
}

@article{Monitor:2017mdv,
    author = "Abbott, B. P. and others",
    collaboration = "LIGO Scientific, Virgo, Fermi-GBM, INTEGRAL",
    title = "{Gravitational Waves and Gamma-rays from a Binary Neutron Star Merger: GW170817 and GRB 170817A}",
    eprint = "1710.05834",
    archivePrefix = "arXiv",
    primaryClass = "astro-ph.HE",
    reportNumber = "LIGO-P1700308",
    doi = "10.3847/2041-8213/aa920c",
    journal = "Astrophys. J. Lett.",
    volume = "848",
    number = "2",
    pages = "L13",
    year = "2017"
}

@article{Abbott:2017xzu,
    author = "Abbott, B. P. and others",
    collaboration = "LIGO Scientific, Virgo, 1M2H, Dark Energy Camera GW-E, DES, DLT40, Las Cumbres Observatory, VINROUGE, MASTER",
    title = "{A gravitational-wave standard siren measurement of the Hubble constant}",
    eprint = "1710.05835",
    archivePrefix = "arXiv",
    primaryClass = "astro-ph.CO",
    reportNumber = "LIGO-P1700296, FERMILAB-PUB-17-472-A-AE",
    doi = "10.1038/nature24471",
    journal = "Nature",
    volume = "551",
    number = "7678",
    pages = "85--88",
    year = "2017"
}

@article{LIGOScientific:2019fpa,
    author = "Abbott, B. P. and others",
    collaboration = "LIGO Scientific, Virgo",
    title = "{Tests of General Relativity with the Binary Black Hole Signals from the LIGO-Virgo Catalog GWTC-1}",
    eprint = "1903.04467",
    archivePrefix = "arXiv",
    primaryClass = "gr-qc",
    reportNumber = "LIGO-P1800316",
    doi = "10.1103/PhysRevD.100.104036",
    journal = "Phys. Rev. D",
    volume = "100",
    number = "10",
    pages = "104036",
    year = "2019"
}

@article{Abbott:2018lct,
    author = "Abbott, B. P. and others",
    collaboration = "LIGO Scientific, Virgo",
    title = "{Tests of General Relativity with GW170817}",
    eprint = "1811.00364",
    archivePrefix = "arXiv",
    primaryClass = "gr-qc",
    reportNumber = "LIGO-P1800059",
    doi = "10.1103/PhysRevLett.123.011102",
    journal = "Phys. Rev. Lett.",
    volume = "123",
    number = "1",
    pages = "011102",
    year = "2019"
}

@article{TheLIGOScientific:2017qsa,
    author = "Abbott, B. P. and others",
    collaboration = "LIGO Scientific, Virgo",
    title = "{GW170817: Observation of Gravitational Waves from a Binary Neutron Star Inspiral}",
    eprint = "1710.05832",
    archivePrefix = "arXiv",
    primaryClass = "gr-qc",
    reportNumber = "LIGO-P170817",
    doi = "10.1103/PhysRevLett.119.161101",
    journal = "Phys. Rev. Lett.",
    volume = "119",
    number = "16",
    pages = "161101",
    year = "2017"
}

@article{TheLIGOScientific:2016pea,
    author = "Abbott, B. P. and others",
    collaboration = "LIGO Scientific, Virgo",
    title = "{Binary Black Hole Mergers in the first Advanced LIGO Observing Run}",
    eprint = "1606.04856",
    archivePrefix = "arXiv",
    primaryClass = "gr-qc",
    reportNumber = "LIGO-P1600088",
    doi = "10.1103/PhysRevX.6.041015",
    journal = "Phys. Rev. X",
    volume = "6",
    number = "4",
    pages = "041015",
    year = "2016",
    note = "[Erratum: Phys.Rev.X 8, 039903 (2018)]"
}

@article{Abbott:2016nhf,
    author = "Abbott, B. P. and others",
    collaboration = "LIGO Scientific, Virgo",
    title = "{The Rate of Binary Black Hole Mergers Inferred from Advanced LIGO Observations Surrounding GW150914}",
    eprint = "1602.03842",
    archivePrefix = "arXiv",
    primaryClass = "astro-ph.HE",
    reportNumber = "LIGO-P1500217",
    doi = "10.3847/2041-8205/833/1/L1",
    journal = "Astrophys. J. Lett.",
    volume = "833",
    number = "1",
    pages = "L1",
    year = "2016"
}

@article{TheLIGOScientific:2016htt,
    author = "Abbott, B. P. and others",
    collaboration = "LIGO Scientific, Virgo",
    title = "{Astrophysical Implications of the Binary Black-Hole Merger GW150914}",
    eprint = "1602.03846",
    archivePrefix = "arXiv",
    primaryClass = "astro-ph.HE",
    reportNumber = "LIGO-P1500262",
    doi = "10.3847/2041-8205/818/2/L22",
    journal = "Astrophys. J. Lett.",
    volume = "818",
    number = "2",
    pages = "L22",
    year = "2016"
}

@article{TheLIGOScientific:2016wfe,
    author = "Abbott, B. P. and others",
    collaboration = "LIGO Scientific, Virgo",
    title = "{Properties of the Binary Black Hole Merger GW150914}",
    eprint = "1602.03840",
    archivePrefix = "arXiv",
    primaryClass = "gr-qc",
    reportNumber = "LIGO-P1500218",
    doi = "10.1103/PhysRevLett.116.241102",
    journal = "Phys. Rev. Lett.",
    volume = "116",
    number = "24",
    pages = "241102",
    year = "2016"
}

@article{TheLIGOScientific:2016src,
    author = "Abbott, B. P. and others",
    collaboration = "LIGO Scientific, Virgo",
    title = "{Tests of general relativity with GW150914}",
    eprint = "1602.03841",
    archivePrefix = "arXiv",
    primaryClass = "gr-qc",
    reportNumber = "LIGO-P1500213",
    doi = "10.1103/PhysRevLett.116.221101",
    journal = "Phys. Rev. Lett.",
    volume = "116",
    number = "22",
    pages = "221101",
    year = "2016",
    note = "[Erratum: Phys.Rev.Lett. 121, 129902 (2018)]"
}

@article{Zackay:2019btq,
    author = "Zackay, Barak and Dai, Liang and Venumadhav, Tejaswi and Roulet, Javier and Zaldarriaga, Matias",
    title = "{Detecting Gravitational Waves With Disparate Detector Responses: Two New Binary Black Hole Mergers}",
    eprint = "1910.09528",
    archivePrefix = "arXiv",
    primaryClass = "astro-ph.HE",
    month = "10",
    year = "2019"
}

@article{Venumadhav:2019lyq,
    author = "Venumadhav, Tejaswi and Zackay, Barak and Roulet, Javier and Dai, Liang and Zaldarriaga, Matias",
    title = "{New binary black hole mergers in the second observing run of Advanced LIGO and Advanced Virgo}",
    eprint = "1904.07214",
    archivePrefix = "arXiv",
    primaryClass = "astro-ph.HE",
    doi = "10.1103/PhysRevD.101.083030",
    journal = "Phys. Rev. D",
    volume = "101",
    number = "8",
    pages = "083030",
    year = "2020"
}

@article{Nitz:2019hdf,
    author = "Nitz, Alexander H. and Dent, Thomas and Davies, Gareth S. and Kumar, Sumit and Capano, Collin D. and Harry, Ian and Mozzon, Simone and Nuttall, Laura and Lundgren, Andrew and T\'apai, M\'arton",
    title = "{2-OGC: Open Gravitational-wave Catalog of binary mergers from analysis of public Advanced LIGO and Virgo data}",
    eprint = "1910.05331",
    archivePrefix = "arXiv",
    primaryClass = "astro-ph.HE",
    doi = "10.3847/1538-4357/ab733f",
    journal = "Astrophys. J.",
    volume = "891",
    pages = "123",
    month = "10",
    year = "2019"
}
@article{Nitz:2018imz,
    author = "Nitz, Alexander H. and Capano, Collin and Nielsen, Alex B. and Reyes, Steven and White, Rebecca and Brown, Duncan A. and Krishnan, Badri",
    title = "{1-OGC: The first open gravitational-wave catalog of binary mergers from analysis of public Advanced LIGO data}",
    eprint = "1811.01921",
    archivePrefix = "arXiv",
    primaryClass = "gr-qc",
    doi = "10.3847/1538-4357/ab0108",
    journal = "Astrophys. J.",
    volume = "872",
    number = "2",
    pages = "195",
    year = "2019"
}

@article{Aasi:2014mqd,
    author = "Aasi, J. and others",
    collaboration = "LIGO Scientific, VIRGO",
    title = "{Characterization of the LIGO detectors during their sixth science run}",
    eprint = "1410.7764",
    archivePrefix = "arXiv",
    primaryClass = "gr-qc",
    doi = "10.1088/0264-9381/32/11/115012",
    journal = "Class. Quant. Grav.",
    volume = "32",
    number = "11",
    pages = "115012",
    year = "2015"
}

@misc{virgo,
  title = {Virgo Collaboration},
  note = {\url{https://www.virgo-gw.eu/}}
}

@misc{lsc,
  title = {{LIGO} Scientific Collaboration},
  note = {\url{https://www.ligo.org/}}
}

@article{Bohe:2016gbl,
    author = "Boh\'e, Alejandro and others",
    title = "{Improved effective-one-body model of spinning, nonprecessing binary black holes for the era of gravitational-wave astrophysics with advanced detectors}",
    eprint = "1611.03703",
    archivePrefix = "arXiv",
    primaryClass = "gr-qc",
    reportNumber = "LIGO-P1600315",
    doi = "10.1103/PhysRevD.95.044028",
    journal = "Phys. Rev. D",
    volume = "95",
    number = "4",
    pages = "044028",
    year = "2017"
}

%%Papers about ringdown to cite
@article{Detweiler:1980gk,
    author = "Detweiler, Steven L.",
    title = "{BLACK HOLES AND GRAVITATIONAL WAVES. III. THE RESONANT FREQUENCIES OF ROTATING HOLES}",
    doi = "10.1086/158109",
    journal = "Astrophys. J.",
    volume = "239",
    pages = "292--295",
    year = "1980"
}
@article{Dreyer:2003bv,
    author = "Dreyer, Olaf and Kelly, Bernard J. and Krishnan, Badri and Finn, Lee Samuel and Garrison, David and Lopez-Aleman, Ramon",
    title = "{Black hole spectroscopy: Testing general relativity through gravitational wave observations}",
    eprint = "gr-qc/0309007",
    archivePrefix = "arXiv",
    doi = "10.1088/0264-9381/21/4/003",
    journal = "Class. Quant. Grav.",
    volume = "21",
    pages = "787--804",
    year = "2004"
}
@article{Gossan:2011ha,
    author = "Gossan, S. and Veitch, J. and Sathyaprakash, B. S.",
    title = "{Bayesian model selection for testing the no-hair theorem with black hole ringdowns}",
    eprint = "1111.5819",
    archivePrefix = "arXiv",
    primaryClass = "gr-qc",
    doi = "10.1103/PhysRevD.85.124056",
    journal = "Phys. Rev. D",
    volume = "85",
    pages = "124056",
    year = "2012"
}
@article{Meidam:2014jpa,
    author = "Meidam, J. and Agathos, M. and Van Den Broeck, C. and Veitch, J. and Sathyaprakash, B. S.",
    title = "{Testing the no-hair theorem with black hole ringdowns using TIGER}",
    eprint = "1406.3201",
    archivePrefix = "arXiv",
    primaryClass = "gr-qc",
    doi = "10.1103/PhysRevD.90.064009",
    journal = "Phys. Rev. D",
    volume = "90",
    number = "6",
    pages = "064009",
    year = "2014"
}
@article{Carullo:2018sfu,
    author = "Carullo, Gregorio and others",
    title = "{Empirical tests of the black hole no-hair conjecture using gravitational-wave observations}",
    eprint = "1805.04760",
    archivePrefix = "arXiv",
    primaryClass = "gr-qc",
    doi = "10.1103/PhysRevD.98.104020",
    journal = "Phys. Rev. D",
    volume = "98",
    number = "10",
    pages = "104020",
    year = "2018"
}
@article{Laghi:2020rgl,
    author = "Laghi, Danny and Carullo, Gregorio and Veitch, John and Del Pozzo, Walter",
    title = "{Quantum black hole spectroscopy: probing the quantum nature of the black hole area using LIGO-Virgo ringdown detections}",
    eprint = "2011.03816",
    archivePrefix = "arXiv",
    primaryClass = "gr-qc",
    month = "11",
    year = "2020"
}
@article{Foit:2016uxn,
    author = "Foit, Valentino F. and Kleban, Matthew",
    title = "{Testing Quantum Black Holes with Gravitational Waves}",
    eprint = "1611.07009",
    archivePrefix = "arXiv",
    primaryClass = "hep-th",
    doi = "10.1088/1361-6382/aafcba",
    journal = "Class. Quant. Grav.",
    volume = "36",
    number = "3",
    pages = "035006",
    year = "2019"
}

@article{CalderonBustillo:2020tjf,
    author = "Calder\'on Bustillo, Juan and Lasky, Paul D. and Thrane, Eric",
    title = "{Black-hole spectroscopy, the no-hair theorem and GW150914: Kerr vs. Occam}",
    eprint = "2010.01857",
    archivePrefix = "arXiv",
    primaryClass = "gr-qc",
    reportNumber = "LIGO P-2000372",
    doi = "10.1103/PhysRevD.103.024041",
    journal = "Phys. Rev. D",
    volume = "103",
    number = "2",
    pages = "024041",
    year = "2021"
}
@article{Isi:2020tac,
    author = "Isi, Maximiliano and Farr, Will M. and Giesler, Matthew and Scheel, Mark A. and Teukolsky, Saul A.",
    title = "{Testing the black-hole area law with GW150914}",
    eprint = "2012.04486",
    archivePrefix = "arXiv",
    primaryClass = "gr-qc",
    reportNumber = "LIGO-P2000507",
    month = "12",
    year = "2020"
}
@article{Cabero:2019zyt,
    author = "Cabero, Miriam and Westerweck, Julian and Capano, Collin D. and Kumar, Sumit and Nielsen, Alex B. and Krishnan, Badri",
    title = "{Black hole spectroscopy in the next decade}",
    eprint = "1911.01361",
    archivePrefix = "arXiv",
    primaryClass = "gr-qc",
    doi = "10.1103/PhysRevD.101.064044",
    journal = "Phys. Rev. D",
    volume = "101",
    number = "6",
    pages = "064044",
    year = "2020"
}
@article{Buonanno:2006ui,
    author = "Buonanno, Alessandra and Cook, Gregory B. and Pretorius, Frans",
    title = "{Inspiral, merger and ring-down of equal-mass black-hole binaries}",
    eprint = "gr-qc/0610122",
    archivePrefix = "arXiv",
    doi = "10.1103/PhysRevD.75.124018",
    journal = "Phys. Rev. D",
    volume = "75",
    pages = "124018",
    year = "2007"
}
@article{Berti:2007fi,
    author = "Berti, Emanuele and Cardoso, Vitor and Gonzalez, Jose A. and Sperhake, Ulrich and Hannam, Mark and Husa, Sascha and Bruegmann, Bernd",
    title = "{Inspiral, merger and ringdown of unequal mass black hole binaries: A Multipolar analysis}",
    eprint = "gr-qc/0703053",
    archivePrefix = "arXiv",
    doi = "10.1103/PhysRevD.76.064034",
    journal = "Phys. Rev. D",
    volume = "76",
    pages = "064034",
    year = "2007"
}
@article{Baibhav:2017jhs,
    author = "Baibhav, Vishal and Berti, Emanuele and Cardoso, Vitor and Khanna, Gaurav",
    title = "{Black Hole Spectroscopy: Systematic Errors and Ringdown Energy Estimates}",
    eprint = "1710.02156",
    archivePrefix = "arXiv",
    primaryClass = "gr-qc",
    doi = "10.1103/PhysRevD.97.044048",
    journal = "Phys. Rev. D",
    volume = "97",
    number = "4",
    pages = "044048",
    year = "2018"
}

@article{Carullo:2021dui,
    author = "Carullo, Gregorio",
    title = "{Enhancing modified gravity detection from gravitational-wave observations using the parametrized ringdown spin expansion coeffcients formalism}",
    eprint = "2102.05939",
    archivePrefix = "arXiv",
    primaryClass = "gr-qc",
    doi = "10.1103/PhysRevD.103.124043",
    journal = "Phys. Rev. D",
    volume = "103",
    number = "12",
    pages = "124043",
    year = "2021"
}

@article{Maselli:2019mjd,
    author = "Maselli, Andrea and Pani, Paolo and Gualtieri, Leonardo and Berti, Emanuele",
    title = "{Parametrized ringdown spin expansion coefficients: a data-analysis framework for black-hole spectroscopy with multiple events}",
    eprint = "1910.12893",
    archivePrefix = "arXiv",
    primaryClass = "gr-qc",
    doi = "10.1103/PhysRevD.101.024043",
    journal = "Phys. Rev. D",
    volume = "101",
    number = "2",
    pages = "024043",
    year = "2020"
}

@article{Volkel:2020daa,
    author = {V\"olkel, Sebastian H. and Barausse, Enrico},
    title = "{Bayesian Metric Reconstruction with Gravitational Wave Observations}",
    eprint = "2007.02986",
    archivePrefix = "arXiv",
    primaryClass = "gr-qc",
    doi = "10.1103/PhysRevD.102.084025",
    journal = "Phys. Rev. D",
    volume = "102",
    number = "8",
    pages = "084025",
    year = "2020"
}
@article{Suvorov:2021amy,
    author = {Suvorov, Arthur G. and V\"olkel, Sebastian H.},
    title = "{Exact theory for the Rezzolla-Zhidenko metric and self-consistent calculation of quasi-normal modes}",
    eprint = "2101.09697",
    archivePrefix = "arXiv",
    primaryClass = "gr-qc",
    month = "1",
    year = "2021"
}
@article{Volkel:2020xlc,
    author = {V\"olkel, Sebastian H. and Barausse, Enrico and Franchini, Nicola and Broderick, Avery E.},
    title = "{EHT tests of the strong-field regime of General Relativity}",
    eprint = "2011.06812",
    archivePrefix = "arXiv",
    primaryClass = "gr-qc",
    month = "11",
    year = "2020"
}

@article{Psaltis:2020lvx,
    author = "Psaltis, Dimitrios and others",
    collaboration = "Event Horizon Telescope",
    title = "{Gravitational Test Beyond the First Post-Newtonian Order with the Shadow of the M87 Black Hole}",
    eprint = "2010.01055",
    archivePrefix = "arXiv",
    primaryClass = "gr-qc",
    doi = "10.1103/PhysRevLett.125.141104",
    journal = "Phys. Rev. Lett.",
    volume = "125",
    number = "14",
    pages = "141104",
    year = "2020"
}

@article{Cano:2020cao,
    author = "Cano, Pablo A. and Fransen, Kwinten and Hertog, Thomas",
    title = "{Ringing of rotating black holes in higher-derivative gravity}",
    eprint = "2005.03671",
    archivePrefix = "arXiv",
    primaryClass = "gr-qc",
    doi = "10.1103/PhysRevD.102.044047",
    journal = "Phys. Rev. D",
    volume = "102",
    number = "4",
    pages = "044047",
    year = "2020"
}

@article{Cardoso:2018ptl,
    author = "Cardoso, Vitor and Kimura, Masashi and Maselli, Andrea and Senatore, Leonardo",
    title = "{Black Holes in an Effective Field Theory Extension of General Relativity}",
    eprint = "1808.08962",
    archivePrefix = "arXiv",
    primaryClass = "gr-qc",
    doi = "10.1103/PhysRevLett.121.251105",
    journal = "Phys. Rev. Lett.",
    volume = "121",
    number = "25",
    pages = "251105",
    year = "2018"
}

@article{Franciolini:2018uyq,
    author = "Franciolini, Gabriele and Hui, Lam and Penco, Riccardo and Santoni, Luca and Trincherini, Enrico",
    title = "{Effective Field Theory of Black Hole Quasinormal Modes in Scalar-Tensor Theories}",
    eprint = "1810.07706",
    archivePrefix = "arXiv",
    primaryClass = "hep-th",
    doi = "10.1007/JHEP02(2019)127",
    journal = "JHEP",
    volume = "02",
    pages = "127",
    year = "2019"
}

@article{Maggio:2020jml,
    author = "Maggio, Elisa and Buoninfante, Luca and Mazumdar, Anupam and Pani, Paolo",
    title = "{How does a dark compact object ringdown?}",
    eprint = "2006.14628",
    archivePrefix = "arXiv",
    primaryClass = "gr-qc",
    doi = "10.1103/PhysRevD.102.064053",
    journal = "Phys. Rev. D",
    volume = "102",
    number = "6",
    pages = "064053",
    year = "2020"
}

@article{Cardoso:2019mqo,
    author = "Cardoso, Vitor and Kimura, Masashi and Maselli, Andrea and Berti, Emanuele and Macedo, Caio F. B. and McManus, Ryan",
    title = "{Parametrized black hole quasinormal ringdown: Decoupled equations for nonrotating black holes}",
    eprint = "1901.01265",
    archivePrefix = "arXiv",
    primaryClass = "gr-qc",
    doi = "10.1103/PhysRevD.99.104077",
    journal = "Phys. Rev. D",
    volume = "99",
    number = "10",
    pages = "104077",
    year = "2019"
}

@article{McManus:2019ulj,
    author = "McManus, Ryan and Berti, Emanuele and Macedo, Caio F. B. and Kimura, Masashi and Maselli, Andrea and Cardoso, Vitor",
    title = "{Parametrized black hole quasinormal ringdown. II. Coupled equations and quadratic corrections for nonrotating black holes}",
    eprint = "1906.05155",
    archivePrefix = "arXiv",
    primaryClass = "gr-qc",
    doi = "10.1103/PhysRevD.100.044061",
    journal = "Phys. Rev. D",
    volume = "100",
    number = "4",
    pages = "044061",
    year = "2019"
}

@article{Ossokine:2020kjp,
    author = "Ossokine, Serguei and others",
    title = "{Multipolar Effective-One-Body Waveforms for Precessing Binary Black Holes: Construction and Validation}",
    eprint = "2004.09442",
    archivePrefix = "arXiv",
    primaryClass = "gr-qc",
    doi = "10.1103/PhysRevD.102.044055",
    journal = "Phys. Rev. D",
    volume = "102",
    number = "4",
    pages = "044055",
    year = "2020"
}

@article{Healy:2011ef,
    author = "Healy, James and Bode, Tanja and Haas, Roland and Pazos, Enrique and Laguna, Pablo and Shoemaker, DeirdreM. and Yunes, Nicol\'as",
    title = "{Late Inspiral and Merger of Binary Black Holes in Scalar-Tensor Theories of Gravity}",
    eprint = "1112.3928",
    archivePrefix = "arXiv",
    primaryClass = "gr-qc",
    doi = "10.1088/0264-9381/29/23/232002",
    journal = "Class. Quant. Grav.",
    volume = "29",
    pages = "232002",
    year = "2012"
}

@article{Berti:2013gfa,
    author = "Berti, Emanuele and Cardoso, Vitor and Gualtieri, Leonardo and Horbatsch, Michael and Sperhake, Ulrich",
    title = "{Numerical simulations of single and binary black holes in scalar-tensor theories: circumventing the no-hair theorem}",
    eprint = "1304.2836",
    archivePrefix = "arXiv",
    primaryClass = "gr-qc",
    doi = "10.1103/PhysRevD.87.124020",
    journal = "Phys. Rev. D",
    volume = "87",
    number = "12",
    pages = "124020",
    year = "2013"
}
@article{Cao:2013osa,
    author = "Cao, Zhoujian and Galaviz, Pablo and Li, Li-Fang",
    title = "{Binary black hole mergers in $f(R)$ theory}",
    eprint = "1608.07816",
    archivePrefix = "arXiv",
    primaryClass = "gr-qc",
    doi = "10.1103/PhysRevD.87.104029",
    journal = "Phys. Rev. D",
    volume = "87",
    number = "10",
    pages = "104029",
    year = "2013"
}

@article{Okounkova:2017yby,
    author = "Okounkova, Maria and Stein, Leo C. and Scheel, Mark A. and Hemberger, Daniel A.",
    title = "{Numerical binary black hole mergers in dynamical Chern-Simons gravity: Scalar field}",
    eprint = "1705.07924",
    archivePrefix = "arXiv",
    primaryClass = "gr-qc",
    doi = "10.1103/PhysRevD.96.044020",
    journal = "Phys. Rev. D",
    volume = "96",
    number = "4",
    pages = "044020",
    year = "2017"
}
@article{Okounkova:2019dfo,
    author = "Okounkova, Maria and Stein, Leo C. and Scheel, Mark A. and Teukolsky, Saul A.",
    title = "{Numerical binary black hole collisions in dynamical Chern-Simons gravity}",
    eprint = "1906.08789",
    archivePrefix = "arXiv",
    primaryClass = "gr-qc",
    doi = "10.1103/PhysRevD.100.104026",
    journal = "Phys. Rev. D",
    volume = "100",
    number = "10",
    pages = "104026",
    year = "2019"
}
@article{Okounkova:2019zjf,
    author = "Okounkova, Maria and Stein, Leo C. and Moxon, Jordan and Scheel, Mark A. and Teukolsky, Saul A.",
    title = "{Numerical relativity simulation of GW150914 beyond general relativity}",
    eprint = "1911.02588",
    archivePrefix = "arXiv",
    primaryClass = "gr-qc",
    doi = "10.1103/PhysRevD.101.104016",
    journal = "Phys. Rev. D",
    volume = "101",
    number = "10",
    pages = "104016",
    year = "2020"
}
@article{Okounkova:2020rqw,
    author = "Okounkova, Maria",
    title = "{Numerical relativity simulation of GW150914 in Einstein dilaton Gauss-Bonnet gravity}",
    eprint = "2001.03571",
    archivePrefix = "arXiv",
    primaryClass = "gr-qc",
    month = "1",
    year = "2020"
}

@article{East:2020hgw,
    author = "East, William E. and Ripley, Justin L.",
    title = "{Evolution of Einstein-scalar-Gauss-Bonnet gravity using a modified harmonic formulation}",
    eprint = "2011.03547",
    archivePrefix = "arXiv",
    primaryClass = "gr-qc",
    month = "11",
    year = "2020"
}

@article{Witek:2018dmd,
    author = "Witek, Helvi and Gualtieri, Leonardo and Pani, Paolo and Sotiriou, Thomas P.",
    title = "{Black holes and binary mergers in scalar Gauss-Bonnet gravity: scalar field dynamics}",
    eprint = "1810.05177",
    archivePrefix = "arXiv",
    primaryClass = "gr-qc",
    doi = "10.1103/PhysRevD.99.064035",
    journal = "Phys. Rev. D",
    volume = "99",
    number = "6",
    pages = "064035",
    year = "2019"
}

@article{Hirschmann:2017psw,
    author = "Hirschmann, Eric W. and Lehner, Luis and Liebling, Steven L. and Palenzuela, Carlos",
    title = "{Black Hole Dynamics in Einstein-Maxwell-Dilaton Theory}",
    eprint = "1706.09875",
    archivePrefix = "arXiv",
    primaryClass = "gr-qc",
    doi = "10.1103/PhysRevD.97.064032",
    journal = "Phys. Rev. D",
    volume = "97",
    number = "6",
    pages = "064032",
    year = "2018"
}

@article{Glampedakis:2017dvb,
    author = "Glampedakis, Kostas and Pappas, George and Silva, Hector O. and Berti, Emanuele",
    title = "{Post-Kerr black hole spectroscopy}",
    eprint = "1706.07658",
    archivePrefix = "arXiv",
    primaryClass = "gr-qc",
    doi = "10.1103/PhysRevD.96.064054",
    journal = "Phys. Rev. D",
    volume = "96",
    number = "6",
    pages = "064054",
    year = "2017"
}

@article{Blazquez-Salcedo:2020caw,
    author = "Bl\'azquez-Salcedo, Jose Luis and Doneva, Daniela D. and Kahlen, Sarah and Kunz, Jutta and Nedkova, Petya and Yazadjiev, Stoytcho S.",
    title = "{Polar quasinormal modes of the scalarized Einstein-Gauss-Bonnet black holes}",
    eprint = "2006.06006",
    archivePrefix = "arXiv",
    primaryClass = "gr-qc",
    doi = "10.1103/PhysRevD.102.024086",
    journal = "Phys. Rev. D",
    volume = "102",
    number = "2",
    pages = "024086",
    year = "2020"
}

@article{Brito:2018hjh,
    author = "Brito, Richard and Pacilio, Costantino",
    title = "{Quasinormal modes of weakly charged Einstein-Maxwell-dilaton black holes}",
    eprint = "1807.09081",
    archivePrefix = "arXiv",
    primaryClass = "gr-qc",
    doi = "10.1103/PhysRevD.98.104042",
    journal = "Phys. Rev. D",
    volume = "98",
    number = "10",
    pages = "104042",
    year = "2018"
}

@article{Blazquez-Salcedo:2019nwd,
    author = "Bl\'azquez-Salcedo, Jose Luis and Kahlen, Sarah and Kunz, Jutta",
    title = {{Quasinormal modes of dilatonic Reissner\textendash{}Nordstr\"om black holes}},
    eprint = "1911.01943",
    archivePrefix = "arXiv",
    primaryClass = "gr-qc",
    doi = "10.1140/epjc/s10052-019-7535-4",
    journal = "Eur. Phys. J. C",
    volume = "79",
    number = "12",
    pages = "1021",
    year = "2019"
}

@article{Blazquez-Salcedo:2020jee,
    author = "Bl\'azquez-Salcedo, Jose Luis and Herdeiro, Carlos A. R. and Kahlen, Sarah and Kunz, Jutta and Pombo, Alexandre M. and Radu, Eugen",
    title = "{Quasinormal modes of hot, cold and bald Einstein-Maxwell-scalar black holes}",
    eprint = "2008.11744",
    archivePrefix = "arXiv",
    primaryClass = "gr-qc",
    month = "8",
    year = "2020"
}

@article{Blazquez-Salcedo:2020rhf,
    author = "Bl\'azquez-Salcedo, Jose Luis and Doneva, Daniela D. and Kahlen, Sarah and Kunz, Jutta and Nedkova, Petya and Yazadjiev, Stoytcho S.",
    title = "{Axial perturbations of the scalarized Einstein-Gauss-Bonnet black holes}",
    eprint = "2003.02862",
    archivePrefix = "arXiv",
    primaryClass = "gr-qc",
    doi = "10.1103/PhysRevD.101.104006",
    journal = "Phys. Rev. D",
    volume = "101",
    number = "10",
    pages = "104006",
    year = "2020"
}

@article{Yang:2021zqy,
    author = "Yang, Huan",
    title = "{Relating Black Hole Shadow to Quasinormal Modes for Rotating Black Holes}",
    eprint = "2101.11129",
    archivePrefix = "arXiv",
    primaryClass = "gr-qc",
    month = "1",
    year = "2021"
}

@article{Molina:2010fb,
    author = "Molina, C. and Pani, Paolo and Cardoso, Vitor and Gualtieri, Leonardo",
    title = "{Gravitational signature of Schwarzschild black holes in dynamical Chern-Simons gravity}",
    eprint = "1004.4007",
    archivePrefix = "arXiv",
    primaryClass = "gr-qc",
    doi = "10.1103/PhysRevD.81.124021",
    journal = "Phys. Rev. D",
    volume = "81",
    pages = "124021",
    year = "2010"
}

@article{Glampedakis:2017cgd,
    author = "Glampedakis, Kostas and Pappas, George",
    title = "{How well can ultracompact bodies imitate black hole ringdowns?}",
    eprint = "1710.02136",
    archivePrefix = "arXiv",
    primaryClass = "gr-qc",
    doi = "10.1103/PhysRevD.97.041502",
    journal = "Phys. Rev. D",
    volume = "97",
    number = "4",
    pages = "041502",
    year = "2018"
}

@article{Cardoso:2019rvt,
    author = "Cardoso, Vitor and Pani, Paolo",
    title = "{Testing the nature of dark compact objects: a status report}",
    eprint = "1904.05363",
    archivePrefix = "arXiv",
    primaryClass = "gr-qc",
    doi = "10.1007/s41114-019-0020-4",
    journal = "Living Rev. Rel.",
    volume = "22",
    number = "1",
    pages = "4",
    year = "2019"
}

@article{Tattersall:2018nve,
    author = "Tattersall, Oliver J. and Ferreira, Pedro G.",
    title = "{Quasinormal modes of black holes in Horndeski gravity}",
    eprint = "1804.08950",
    archivePrefix = "arXiv",
    primaryClass = "gr-qc",
    doi = "10.1103/PhysRevD.97.104047",
    journal = "Phys. Rev. D",
    volume = "97",
    number = "10",
    pages = "104047",
    year = "2018"
}
@article{Tattersall:2019nmh,
    author = "Tattersall, Oliver J.",
    title = "{Quasi-Normal Modes of Hairy Scalar Tensor Black Holes: Odd Parity}",
    eprint = "1911.07593",
    archivePrefix = "arXiv",
    primaryClass = "gr-qc",
    doi = "10.1088/1361-6382/ab839b",
    journal = "Class. Quant. Grav.",
    volume = "37",
    number = "11",
    pages = "115007",
    year = "2020"
}

@article{Silva:2019scu,
    author = "Silva, Hector O. and Glampedakis, Kostas",
    title = "{Eikonal quasinormal modes of black holes beyond general relativity. II. Generalized scalar-tensor perturbations}",
    eprint = "1912.09286",
    archivePrefix = "arXiv",
    primaryClass = "gr-qc",
    doi = "10.1103/PhysRevD.101.044051",
    journal = "Phys. Rev. D",
    volume = "101",
    number = "4",
    pages = "044051",
    year = "2020"
}

@article{Glampedakis:2019dqh,
    author = "Glampedakis, Kostas and Silva, Hector O.",
    title = "{Eikonal quasinormal modes of black holes beyond General Relativity}",
    eprint = "1906.05455",
    archivePrefix = "arXiv",
    primaryClass = "gr-qc",
    doi = "10.1103/PhysRevD.100.044040",
    journal = "Phys. Rev. D",
    volume = "100",
    number = "4",
    pages = "044040",
    year = "2019"
}

@article{Blazquez-Salcedo:2016enn,
    author = "Blázquez-Salcedo, Jose Luis and Macedo, Caio F. B. and Cardoso, Vitor and Ferrari, Valeria and Gualtieri, Leonardo and Khoo, Fech Scen and Kunz, Jutta and Pani, Paolo",
    title = "{Perturbed black holes in Einstein-dilaton-Gauss-Bonnet gravity: Stability, ringdown, and gravitational-wave emission}",
    eprint = "1609.01286",
    archivePrefix = "arXiv",
    primaryClass = "gr-qc",
    doi = "10.1103/PhysRevD.94.104024",
    journal = "Phys. Rev. D",
    volume = "94",
    number = "10",
    pages = "104024",
    year = "2016"
}

@article{Jai-akson:2017ldo,
    author = "Jai-akson, Puttarak and Chatrabhuti, Auttakit and Evnin, Oleg and Lehner, Luis",
    title = "{Black hole merger estimates in Einstein-Maxwell and Einstein-Maxwell-dilaton gravity}",
    eprint = "1706.06519",
    archivePrefix = "arXiv",
    primaryClass = "gr-qc",
    doi = "10.1103/PhysRevD.96.044031",
    journal = "Phys. Rev. D",
    volume = "96",
    number = "4",
    pages = "044031",
    year = "2017"
}

@article{Pani:2013ija,
      author         = "Pani, Paolo and Berti, Emanuele and Gualtieri, Leonardo",
      title          = "{Gravitoelectromagnetic Perturbations of Kerr-Newman
                        Black Holes: Stability and Isospectrality in the
                        Slow-Rotation Limit}",
      journal        = "Phys. Rev. Lett.",
      volume         = "110",
      year           = "2013",
      number         = "24",
      pages          = "241103",
      doi            = "10.1103/PhysRevLett.110.241103",
      eprint         = "1304.1160",
      archivePrefix  = "arXiv",
      primaryClass   = "gr-qc",
      SLACcitation   = "%%CITATION = ARXIV:1304.1160;%%"
}
@article{Pani:2013wsa,
      author         = "Pani, Paolo and Berti, Emanuele and Gualtieri, Leonardo",
      title          = "{Scalar, Electromagnetic and Gravitational Perturbations
                        of Kerr-Newman Black Holes in the Slow-Rotation Limit}",
      journal        = "Phys. Rev.",
      volume         = "D88",
      year           = "2013",
      pages          = "064048",
      doi            = "10.1103/PhysRevD.88.064048",
      eprint         = "1307.7315",
      archivePrefix  = "arXiv",
      primaryClass   = "gr-qc",
      SLACcitation   = "%%CITATION = ARXIV:1307.7315;%%"
}
@article{Mark:2014aja,
      author         = "Mark, Zachary and Yang, Huan and Zimmerman, Aaron and
                        Chen, Yanbei",
      title          = "{Quasinormal modes of weakly charged Kerr-Newman
                        spacetimes}",
      journal        = "Phys. Rev.",
      volume         = "D91",
      year           = "2015",
      number         = "4",
      pages          = "044025",
      doi            = "10.1103/PhysRevD.91.044025",
      eprint         = "1409.5800",
      archivePrefix  = "arXiv",
      primaryClass   = "gr-qc",
      SLACcitation   = "%%CITATION = ARXIV:1409.5800;%%"
}
@article{Dias:2015wqa,
      author         = "Dias, Oscar J. C. and Godazgar, Mahdi and Santos, Jorge E.",
      title          = "{Linear Mode Stability of the Kerr-Newman Black Hole and
                        Its Quasinormal Modes}",
      journal        = "Phys. Rev. Lett.",
      volume         = "114",
      year           = "2015",
      number         = "15",
      pages          = "151101",
      doi            = "10.1103/PhysRevLett.114.151101",
      eprint         = "1501.04625",
      archivePrefix  = "arXiv",
      primaryClass   = "gr-qc",
      SLACcitation   = "%%CITATION = ARXIV:1501.04625;%%"
}

@article{Ferrari:2000ep,
      author         = "Ferrari, Valeria and Pauri, Massimo and Piazza, Federico",
      title          = "{Quasinormal modes of charged, dilaton black holes}",
      journal        = "Phys. Rev.",
      volume         = "D63",
      year           = "2001",
      pages          = "064009",
      doi            = "10.1103/PhysRevD.63.064009",
      eprint         = "gr-qc/0005125",
      archivePrefix  = "arXiv",
      primaryClass   = "gr-qc",
      SLACcitation   = "%%CITATION = GR-QC/0005125;%%"
}

@article{Pani:2009wy,
    author = "Pani, Paolo and Cardoso, Vitor",
    title = "{Are black holes in alternative theories serious astrophysical candidates? The Case for Einstein-Dilaton-Gauss-Bonnet black holes}",
    eprint = "0902.1569",
    archivePrefix = "arXiv",
    primaryClass = "gr-qc",
    doi = "10.1103/PhysRevD.79.084031",
    journal = "Phys. Rev. D",
    volume = "79",
    pages = "084031",
    year = "2009"
}

@article{Blazquez-Salcedo:2017txk,
      author         = "Blazquez-Salcedo, Jose Luis and Khoo, Fech Scen and
                        Kunz, Jutta",
      title          = "{Quasinormal modes of Einstein-Gauss-Bonnet-dilaton black
                        holes}",
      journal        = "Phys. Rev.",
      volume         = "D96",
      year           = "2017",
      number         = "6",
      pages          = "064008",
      doi            = "10.1103/PhysRevD.96.064008",
      eprint         = "1706.03262",
      archivePrefix  = "arXiv",
      primaryClass   = "gr-qc",
      SLACcitation   = "%%CITATION = ARXIV:1706.03262;%%"
}

@article{Silva:2017uqg,
    author = "Silva, Hector O. and Sakstein, Jeremy and Gualtieri, Leonardo and Sotiriou, Thomas P. and Berti, Emanuele",
    title = "{Spontaneous scalarization of black holes and compact stars from a Gauss-Bonnet coupling}",
    eprint = "1711.02080",
    archivePrefix = "arXiv",
    primaryClass = "gr-qc",
    doi = "10.1103/PhysRevLett.120.131104",
    journal = "Phys. Rev. Lett.",
    volume = "120",
    number = "13",
    pages = "131104",
    year = "2018"
}

@article{Doneva:2017bvd,
    author = "Doneva, Daniela D. and Yazadjiev, Stoytcho S.",
    title = "{New Gauss-Bonnet Black Holes with Curvature-Induced Scalarization in Extended Scalar-Tensor Theories}",
    eprint = "1711.01187",
    archivePrefix = "arXiv",
    primaryClass = "gr-qc",
    doi = "10.1103/PhysRevLett.120.131103",
    journal = "Phys. Rev. Lett.",
    volume = "120",
    number = "13",
    pages = "131103",
    year = "2018"
}

@article{Dima:2020yac,
    author = "Dima, Alexandru and Barausse, Enrico and Franchini, Nicola and Sotiriou, Thomas P.",
    title = "{Spin-induced black hole spontaneous scalarization}",
    eprint = "2006.03095",
    archivePrefix = "arXiv",
    primaryClass = "gr-qc",
    doi = "10.1103/PhysRevLett.125.231101",
    journal = "Phys. Rev. Lett.",
    volume = "125",
    number = "23",
    pages = "231101",
    year = "2020"
}

@article{Herdeiro:2020wei,
    author = "Herdeiro, Carlos A. R. and Radu, Eugen and Silva, Hector O. and Sotiriou, Thomas P. and Yunes, Nicol\'as",
    title = "{Spin-induced scalarized black holes}",
    eprint = "2009.03904",
    archivePrefix = "arXiv",
    primaryClass = "gr-qc",
    doi = "10.1103/PhysRevLett.126.011103",
    journal = "Phys. Rev. Lett.",
    volume = "126",
    number = "1",
    pages = "011103",
    year = "2021"
}

@article{Berti:2020kgk,
    author = "Berti, Emanuele and Collodel, Lucas G. and Kleihaus, Burkhard and Kunz, Jutta",
    title = "{Spin-induced black-hole scalarization in Einstein-scalar-Gauss-Bonnet theory}",
    eprint = "2009.03905",
    archivePrefix = "arXiv",
    primaryClass = "gr-qc",
    doi = "10.1103/PhysRevLett.126.011104",
    journal = "Phys. Rev. Lett.",
    volume = "126",
    number = "1",
    pages = "011104",
    year = "2021"
}

@article{Yunes:2009hc,
    author = "Yunes, Nicolas and Pretorius, Frans",
    title = "{Dynamical Chern-Simons Modified Gravity. I. Spinning Black Holes in the Slow-Rotation Approximation}",
    eprint = "0902.4669",
    archivePrefix = "arXiv",
    primaryClass = "gr-qc",
    doi = "10.1103/PhysRevD.79.084043",
    journal = "Phys. Rev. D",
    volume = "79",
    pages = "084043",
    year = "2009"
}

@article{Konno:2009kg,
    author = "Konno, Kohkichi and Matsuyama, Toyoki and Tanda, Satoshi",
    title = "{Rotating black hole in extended Chern-Simons modified gravity}",
    eprint = "0902.4767",
    archivePrefix = "arXiv",
    primaryClass = "gr-qc",
    doi = "10.1143/PTP.122.561",
    journal = "Prog. Theor. Phys.",
    volume = "122",
    pages = "561--568",
    year = "2009"
}

@article{Nair:2019iur,
    author = "Nair, Remya and Perkins, Scott and Silva, Hector O. and Yunes, Nicol\'as",
    title = "{Fundamental Physics Implications for Higher-Curvature Theories from Binary Black Hole Signals in the LIGO-Virgo Catalog GWTC-1}",
    eprint = "1905.00870",
    archivePrefix = "arXiv",
    primaryClass = "gr-qc",
    doi = "10.1103/PhysRevLett.123.191101",
    journal = "Phys. Rev. Lett.",
    volume = "123",
    number = "19",
    pages = "191101",
    year = "2019"
}

@article{Riley:2019yda,
    author = "Riley, Thomas E. and others",
    title = "{A NICER View of PSR J0030+0451: Millisecond Pulsar Parameter Estimation}",
    eprint = "1912.05702",
    archivePrefix = "arXiv",
    primaryClass = "astro-ph.HE",
    doi = "10.3847/2041-8213/ab481c",
    journal = "Astrophys. J. Lett.",
    volume = "887",
    number = "1",
    pages = "L21",
    year = "2019"
}

@article{Miller:2019cac,
    author = "Miller, M. C. and others",
    title = "{PSR J0030+0451 Mass and Radius from NICER Data and Implications for the Properties of Neutron Star Matter}",
    eprint = "1912.05705",
    archivePrefix = "arXiv",
    primaryClass = "astro-ph.HE",
    doi = "10.3847/2041-8213/ab50c5",
    journal = "Astrophys. J. Lett.",
    volume = "887",
    number = "1",
    pages = "L24",
    year = "2019"
}

@article{LIGOScientific:2017vwq,
    author = "Abbott, B. P. and others",
    collaboration = "LIGO Scientific, Virgo",
    title = "{GW170817: Observation of Gravitational Waves from a Binary Neutron Star Inspiral}",
    eprint = "1710.05832",
    archivePrefix = "arXiv",
    primaryClass = "gr-qc",
    reportNumber = "LIGO-P170817",
    doi = "10.1103/PhysRevLett.119.161101",
    journal = "Phys. Rev. Lett.",
    volume = "119",
    number = "16",
    pages = "161101",
    year = "2017"
}

@article{NANOGrav:2017wvv,
    author = "Arzoumanian, Zaven and others",
    collaboration = "NANOGrav",
    title = "{The NANOGrav 11-year Data Set: High-precision timing of 45 Millisecond Pulsars}",
    eprint = "1801.01837",
    archivePrefix = "arXiv",
    primaryClass = "astro-ph.HE",
    doi = "10.3847/1538-4365/aab5b0",
    journal = "Astrophys. J. Suppl.",
    volume = "235",
    number = "2",
    pages = "37",
    year = "2018"
}

@article{Lommen:2000yt,
    author = "Lommen, Andrea N. and Zepka, Alex and Backer, Donald C. and McLaughlin, Maura and Cordes, James C. and Arzoumanian, Zaven and Xilouris, Kiriaki",
    title = "{New pulsars from an Arecibo drift scan search}",
    eprint = "astro-ph/0008054",
    archivePrefix = "arXiv",
    doi = "10.1086/317841",
    journal = "Astrophys. J.",
    volume = "545",
    pages = "1007",
    year = "2000"
}

@article{Cardoso:2009pk,
    author = "Cardoso, Vitor and Gualtieri, Leonardo",
    title = "{Perturbations of Schwarzschild black holes in Dynamical Chern-Simons modified gravity}",
    eprint = "0907.5008",
    archivePrefix = "arXiv",
    primaryClass = "gr-qc",
    doi = "10.1103/PhysRevD.81.089903",
    journal = "Phys. Rev. D",
    volume = "80",
    pages = "064008",
    year = "2009",
    note = "[Erratum: Phys.Rev.D 81, 089903 (2010)]"
}

@article{Yunes:2007ss,
    author = "Yunes, Nicolas and Sopuerta, Carlos F.",
    title = "{Perturbations of Schwarzschild Black Holes in Chern-Simons Modified Gravity}",
    eprint = "0712.1028",
    archivePrefix = "arXiv",
    primaryClass = "gr-qc",
    reportNumber = "IGC-07-12-3",
    doi = "10.1103/PhysRevD.77.064007",
    journal = "Phys. Rev. D",
    volume = "77",
    pages = "064007",
    year = "2008"
}

@article{deRham:2020ejn,
    author = "de Rham, Claudia and Francfort, J\'er\'emie and Zhang, Jun",
    title = "{Black Hole Gravitational Waves in the Effective Field Theory of Gravity}",
    eprint = "2005.13923",
    archivePrefix = "arXiv",
    primaryClass = "hep-th",
    reportNumber = "Imperial/TP/2020/CdR/02",
    doi = "10.1103/PhysRevD.102.024079",
    journal = "Phys. Rev. D",
    volume = "102",
    number = "2",
    pages = "024079",
    year = "2020"
}

@article{Regge:1957td,
    author = "Regge, Tullio and Wheeler, John A.",
    title = "{Stability of a Schwarzschild singularity}",
    doi = "10.1103/PhysRev.108.1063",
    journal = "Phys. Rev.",
    volume = "108",
    pages = "1063--1069",
    year = "1957"
}

@article{Zerilli:1970se,
    author = "Zerilli, Frank J.",
    title = "{Effective potential for even parity Regge-Wheeler gravitational perturbation equations}",
    doi = "10.1103/PhysRevLett.24.737",
    journal = "Phys. Rev. Lett.",
    volume = "24",
    pages = "737--738",
    year = "1970"
}

@article{Yunes:2009ke,
    author = "Yunes, Nicolas and Pretorius, Frans",
    title = "{Fundamental Theoretical Bias in Gravitational Wave Astrophysics and the Parameterized Post-Einsteinian Framework}",
    eprint = "0909.3328",
    archivePrefix = "arXiv",
    primaryClass = "gr-qc",
    doi = "10.1103/PhysRevD.80.122003",
    journal = "Phys. Rev. D",
    volume = "80",
    pages = "122003",
    year = "2009"
}

@article{Chatziioannou:2012rf,
    author = "Chatziioannou, Katerina and Yunes, Nicolas and Cornish, Neil",
    title = "{Model-Independent Test of General Relativity: An Extended post-Einsteinian Framework with Complete Polarization Content}",
    eprint = "1204.2585",
    archivePrefix = "arXiv",
    primaryClass = "gr-qc",
    doi = "10.1103/PhysRevD.86.022004",
    journal = "Phys. Rev. D",
    volume = "86",
    pages = "022004",
    year = "2012",
    note = "[Erratum: Phys.Rev.D 95, 129901 (2017)]"
}

@article{Tahura:2019dgr,
    author = "Tahura, Shammi and Yagi, Kent and Carson, Zack",
    title = "{Testing Gravity with Gravitational Waves from Binary Black Hole Mergers: Contributions from Amplitude Corrections}",
    eprint = "1907.10059",
    archivePrefix = "arXiv",
    primaryClass = "gr-qc",
    doi = "10.1103/PhysRevD.100.104001",
    journal = "Phys. Rev. D",
    volume = "100",
    number = "10",
    pages = "104001",
    year = "2019"
}

@article{Yagi:2011xp,
    author = "Yagi, Kent and Stein, Leo C. and Yunes, Nicol\'as and Tanaka, Takahiro",
    title = "{Post-Newtonian, Quasi-Circular Binary Inspirals in Quadratic Modified Gravity}",
    eprint = "1110.5950",
    archivePrefix = "arXiv",
    primaryClass = "gr-qc",
    doi = "10.1103/PhysRevD.85.064022",
    journal = "Phys. Rev. D",
    volume = "85",
    pages = "064022",
    year = "2012",
    note = "[Erratum: Phys.Rev.D 93, 029902 (2016)]"
}

@article{Shiralilou:2020gah,
    author = "Shiralilou, Banafsheh and Hinderer, Tanja and Nissanke, Samaya and Ortiz, N\'estor and Witek, Helvi",
    title = "{Nonlinear curvature effects in gravitational waves from inspiralling black hole binaries}",
    eprint = "2012.09162",
    archivePrefix = "arXiv",
    primaryClass = "gr-qc",
    doi = "10.1103/PhysRevD.103.L121503",
    journal = "Phys. Rev. D",
    volume = "103",
    number = "12",
    pages = "L121503",
    year = "2021"
}

@article{Shiralilou:2021mfl,
    author = "Shiralilou, Banafsheh and Hinderer, Tanja and Nissanke, Samaya M. and Ortiz, N\'estor and Witek, Helvi",
    title = "{Post-Newtonian gravitational and scalar waves in scalar-Gauss\textendash{}Bonnet gravity}",
    eprint = "2105.13972",
    archivePrefix = "arXiv",
    primaryClass = "gr-qc",
    doi = "10.1088/1361-6382/ac4196",
    journal = "Class. Quant. Grav.",
    volume = "39",
    number = "3",
    pages = "035002",
    year = "2022"
}

@article{LIGOScientific:2021qlt,
    author = "Abbott, R. and others",
    collaboration = "LIGO Scientific, KAGRA, VIRGO",
    title = "{Observation of Gravitational Waves from Two Neutron Star\textendash{}Black Hole Coalescences}",
    eprint = "2106.15163",
    archivePrefix = "arXiv",
    primaryClass = "astro-ph.HE",
    reportNumber = "LIGO Document P2000357",
    doi = "10.3847/2041-8213/ac082e",
    journal = "Astrophys. J. Lett.",
    volume = "915",
    number = "1",
    pages = "L5",
    year = "2021"
}

@article{Mehta:2022pcn,
    author = "Mehta, Ajit Kumar and Buonanno, Alessandra and Cotesta, Roberto and Ghosh, Abhirup and Sennett, Noah and Steinhoff, Jan",
    title = "{Tests of General Relativity with Gravitational-Wave Observations using a Flexible--Theory-Independent Method}",
    eprint = "2203.13937",
    archivePrefix = "arXiv",
    primaryClass = "gr-qc",
    reportNumber = "LIGO-P2200083-v2",
    month = "3",
    year = "2022"
}

@article{Buonanno:2007sv,
    author = "Buonanno, Alessandra and Kidder, Lawrence E. and Lehner, Luis",
    title = "{Estimating the final spin of a binary black hole coalescence}",
    eprint = "0709.3839",
    archivePrefix = "arXiv",
    primaryClass = "astro-ph",
    doi = "10.1103/PhysRevD.77.026004",
    journal = "Phys. Rev. D",
    volume = "77",
    pages = "026004",
    year = "2008"
}

@article{Li:2020wse,
    author = "Li, Shou-Long and Tan, Wen-Di and Wu, Puxun and Yu, Hongwei",
    title = "{Estimating the final spin of binary black holes merger in STU supergravity}",
    eprint = "2003.01957",
    archivePrefix = "arXiv",
    primaryClass = "gr-qc",
    doi = "10.1016/j.nuclphysb.2022.115665",
    journal = "Nucl. Phys. B",
    volume = "975",
    pages = "115665",
    year = "2022"
}

@article{Myers:1987yn,
    author = "Myers, Robert C.",
    title = "{Higher Derivative Gravity, Surface Terms and String Theory}",
    reportNumber = "NSF-ITP-87-16",
    doi = "10.1103/PhysRevD.36.392",
    journal = "Phys. Rev. D",
    volume = "36",
    pages = "392",
    year = "1987"
}

@article{Coleman:1991ku,
    author = "Coleman, Sidney R. and Preskill, John and Wilczek, Frank",
    title = "{Quantum hair on black holes}",
    eprint = "hep-th/9201059",
    archivePrefix = "arXiv",
    reportNumber = "IASSNS-HEP-91-64, CALT-68-1764, HUTP-92-A003",
    doi = "10.1016/0550-3213(92)90008-Y",
    journal = "Nucl. Phys. B",
    volume = "378",
    pages = "175--246",
    year = "1992"
}

@article{Herdeiro:2015waa,
    author = "Herdeiro, Carlos A. R. and Radu, Eugen",
    editor = "Herdeiro, Carlos A. R. and Cardoso, Vitor and Lemos, Jose P. S. and Mena, Filipe C.",
    title = "{Asymptotically flat black holes with scalar hair: a review}",
    eprint = "1504.08209",
    archivePrefix = "arXiv",
    primaryClass = "gr-qc",
    doi = "10.1142/S0218271815420146",
    journal = "Int. J. Mod. Phys. D",
    volume = "24",
    number = "09",
    pages = "1542014",
    year = "2015"
}

@article{Julie:2019sab,
    author = "Juli\'e, F\'elix-Louis and Berti, Emanuele",
    title = "{Post-Newtonian dynamics and black hole thermodynamics in Einstein-scalar-Gauss-Bonnet gravity}",
    eprint = "1909.05258",
    archivePrefix = "arXiv",
    primaryClass = "gr-qc",
    doi = "10.1103/PhysRevD.100.104061",
    journal = "Phys. Rev. D",
    volume = "100",
    number = "10",
    pages = "104061",
    year = "2019"
}

@article{Julie:2022huo,
    author = "Juli\'e, F\'elix-Louis and Silva, Hector O. and Berti, Emanuele and Yunes, Nicol\'as",
    title = "{Black hole sensitivities in Einstein-scalar-Gauss-Bonnet gravity}",
    eprint = "2202.01329",
    archivePrefix = "arXiv",
    primaryClass = "gr-qc",
    month = "2",
    year = "2022"
}

@article{Berti:2018cxi,
    author = "Berti, Emanuele and Yagi, Kent and Yunes, Nicol\'as",
    title = "{Extreme Gravity Tests with Gravitational Waves from Compact Binary Coalescences: (I) Inspiral-Merger}",
    eprint = "1801.03208",
    archivePrefix = "arXiv",
    primaryClass = "gr-qc",
    doi = "10.1007/s10714-018-2362-8",
    journal = "Gen. Rel. Grav.",
    volume = "50",
    number = "4",
    pages = "46",
    year = "2018"
}

@article{LIGOScientific:2020ibl,
    author = "Abbott, R. and others",
    collaboration = "LIGO Scientific, Virgo",
    title = "{GWTC-2: Compact Binary Coalescences Observed by LIGO and Virgo During the First Half of the Third Observing Run}",
    eprint = "2010.14527",
    archivePrefix = "arXiv",
    primaryClass = "gr-qc",
    reportNumber = "P2000061",
    doi = "10.1103/PhysRevX.11.021053",
    journal = "Phys. Rev. X",
    volume = "11",
    pages = "021053",
    year = "2021"
}

@article{Kanti:1995vq,
    author = "Kanti, P. and Mavromatos, N. E. and Rizos, J. and Tamvakis, K. and Winstanley, E.",
    title = "{Dilatonic black holes in higher curvature string gravity}",
    eprint = "hep-th/9511071",
    archivePrefix = "arXiv",
    reportNumber = "CERN-TH-95-297, OUTP-95-43-P, CERN-TH/95-297, OUTP-95-43P",
    doi = "10.1103/PhysRevD.54.5049",
    journal = "Phys. Rev. D",
    volume = "54",
    pages = "5049--5058",
    year = "1996"
}

@article{Macedo:2019sem,
    author = "Macedo, Caio F. B. and Sakstein, Jeremy and Berti, Emanuele and Gualtieri, Leonardo and Silva, Hector O. and Sotiriou, Thomas P.",
    title = "{Self-interactions and Spontaneous Black Hole Scalarization}",
    eprint = "1903.06784",
    archivePrefix = "arXiv",
    primaryClass = "gr-qc",
    doi = "10.1103/PhysRevD.99.104041",
    journal = "Phys. Rev. D",
    volume = "99",
    number = "10",
    pages = "104041",
    year = "2019"
}

@article{Jackiw:2003pm,
    author = "Jackiw, R. and Pi, S. Y.",
    title = "{Chern-Simons modification of general relativity}",
    eprint = "gr-qc/0308071",
    archivePrefix = "arXiv",
    reportNumber = "MIT-CTP-3409, BUHEP-03-18",
    doi = "10.1103/PhysRevD.68.104012",
    journal = "Phys. Rev. D",
    volume = "68",
    pages = "104012",
    year = "2003"
}

@article{Mezzasoma:2022pjb,
    author = "Mezzasoma, S. and Yunes, N.",
    title = "{Theory-agnostic framework for inspiral tests of general relativity with higher-harmonic gravitational waves}",
    eprint = "2203.15934",
    archivePrefix = "arXiv",
    primaryClass = "gr-qc",
    month = "3",
    year = "2022"
}

@article{Endlich:2017tqa,
    author = "Endlich, Solomon and Gorbenko, Victor and Huang, Junwu and Senatore, Leonardo",
    title = "{An effective formalism for testing extensions to General Relativity with gravitational waves}",
    eprint = "1704.01590",
    archivePrefix = "arXiv",
    primaryClass = "gr-qc",
    doi = "10.1007/JHEP09(2017)122",
    journal = "JHEP",
    volume = "09",
    pages = "122",
    year = "2017"
}

@article{Alexander:2009tp,
    author = "Alexander, Stephon and Yunes, Nicolas",
    title = "{Chern-Simons Modified General Relativity}",
    eprint = "0907.2562",
    archivePrefix = "arXiv",
    primaryClass = "hep-th",
    doi = "10.1016/j.physrep.2009.07.002",
    journal = "Phys. Rept.",
    volume = "480",
    pages = "1--55",
    year = "2009"
}

@article{Loutrel:2018ydv,
    author = "Loutrel, Nicholas and Tanaka, Takahiro and Yunes, Nicolas",
    title = "{Spin-Precessing Black Hole Binaries in Dynamical Chern-Simons Gravity}",
    eprint = "1806.07431",
    archivePrefix = "arXiv",
    primaryClass = "gr-qc",
    reportNumber = "KUNS-2729, YITP-18-61",
    doi = "10.1103/PhysRevD.98.064020",
    journal = "Phys. Rev. D",
    volume = "98",
    number = "6",
    pages = "064020",
    year = "2018"
}

@article{Alexander:2017jmt,
    author = "Alexander, Stephon H. and Yunes, Nicolas",
    title = "{Gravitational wave probes of parity violation in compact binary coalescences}",
    eprint = "1712.01853",
    archivePrefix = "arXiv",
    primaryClass = "gr-qc",
    doi = "10.1103/PhysRevD.97.064033",
    journal = "Phys. Rev. D",
    volume = "97",
    number = "6",
    pages = "064033",
    year = "2018"
}

@article{Hatsuda:2020egs,
    author = "Hatsuda, Yasuyuki and Kimura, Masashi",
    title = "{Semi-analytic expressions for quasinormal modes of slowly rotating Kerr black holes}",
    eprint = "2006.15496",
    archivePrefix = "arXiv",
    primaryClass = "gr-qc",
    reportNumber = "RUP-20-23",
    doi = "10.1103/PhysRevD.102.044032",
    journal = "Phys. Rev. D",
    volume = "102",
    number = "4",
    pages = "044032",
    year = "2020"
}

